%INTRO/CONCLUSION
@article{fisher1936design,
  title={Design of experiments},
  author={Fisher, Ronald Aylmer},
  journal={Br Med J},
  volume={1},
  number={3923},
  pages={554--554},
  year={1936},
  publisher={British Medical Journal Publishing Group}
}

@article{fisher1926arrangement,
  title={The arrangement of field experiments},
  author={Fisher, RA},
  journal={Journal of the Ministry of Agriculture},
  volume={33},
  pages={503--515},
  year={1926},
  publisher={Ministry of Agriculture and Fisheries}
}
@article{gardner2000construction,
  title={Construction of a genetic toggle switch in \textit{Escherichia coli}},
  author={Gardner, Timothy S and Cantor, Charles R and Collins, James J},
  journal={Nature},
  volume={403},
  number={6767},
  pages={339--342},
  year={2000},
  publisher={Nature Publishing Group}
}

@article{elowitz2000synthetic,
  title={A synthetic oscillatory network of transcriptional regulators},
  author={Elowitz, Michael B and Leibler, Stanislas},
  journal={Nature},
  volume={403},
  number={6767},
  pages={335--338},
  year={2000},
  publisher={Nature Publishing Group}
}
@article{box1975robust,
  title={Robust designs},
  author={Box, George EP and Draper, Norman R},
  journal={Biometrika},
  volume={62},
  number={2},
  pages={347--352},
  year={1975},
  publisher={Oxford University Press}
}
@article{mutalik2013precise,
  title={Precise and reliable gene expression via standard transcription and translation initiation elements},
  author={Mutalik, Vivek K and Guimaraes, Joao C and Cambray, Guillaume and Lam, Colin and Christoffersen, Marc Juul and Mai, Quynh-Anh and Tran, Andrew B and Paull, Morgan and Keasling, Jay D and Arkin, Adam P and others},
  journal={Nature methods},
  volume={10},
  number={4},
  pages={354--360},
  year={2013},
  publisher={Nature Publishing Group}
}

@article{salis2009automated,
  title={Automated design of synthetic ribosome binding sites to control protein expression},
  author={Salis, Howard M and Mirsky, Ethan A and Voigt, Christopher A},
  journal={Nature biotechnology},
  volume={27},
  number={10},
  pages={946--950},
  year={2009},
  publisher={Nature Publishing Group}
}
%%%%%%%%%%%%%%%%%%%%%%%%%%%%%%%%%%%%%%%%%%%%%%%%%%%%%%%%
%OED BACKGROUND
%%%%%%%%%%%%%%%%%%%%%%%%%%%%%%%%%%%%%%%%%%%%%%%%%%%%%%%%
@article{stigler1974gergonne,
  title={Gergonne's 1815 paper on the design and analysis of polynomial regression experiments},
  author={Stigler, Stephen M},
  journal={Historia Mathematica},
  volume={1},
  number={4},
  pages={431--439},
  year={1974},
  publisher={Elsevier}
}

@article{smith1918standard,
  title={On the standard deviations of adjusted and interpolated values of an observed polynomial function and its constants and the guidance they give towards a proper choice of the distribution of observations},
  author={Smith, Kirstine},
  journal={Biometrika},
  volume={12},
  number={1/2},
  pages={1--85},
  year={1918},
  publisher={JSTOR}
}

@book{montgomery2017design,
  title={Design and analysis of experiments},
  author={Montgomery, Douglas C},
  year={2017},
  publisher={John wiley \& sons}
}

@book{myers2016response,
  title={Response surface methodology: process and product optimization using designed experiments},
  author={Myers, Raymond H and Montgomery, Douglas C and Anderson-Cook, Christine M},
  year={2016},
  publisher={John Wiley \& Sons}
}



@book{cox2000theory,
  title={The theory of the design of experiments},
  author={Cox, David Roxbee and Reid, Nancy},
  year={2000},
  publisher={CRC Press}
}


@book{stigler1986history,
  title={The history of statistics: The measurement of uncertainty before 1900},
  author={Stigler, Stephen M},
  year={1986},
  publisher={Harvard University Press}
}

@article{rao1992ra,
  title={RA Fisher: The founder of modern statistics},
  author={Rao, C Radhakrishna and others},
  journal={Statistical Science},
  volume={7},
  number={1},
  pages={34--48},
  year={1992},
  publisher={Institute of Mathematical Statistics}
}

@article{box1980ra,
  title={RA Fisher and the design of experiments, 1922--1926},
  author={Box, Joan Fisher},
  journal={The American Statistician},
  volume={34},
  number={1},
  pages={1--7},
  year={1980},
  publisher={Taylor \& Francis}
}

@article{stigler2007epic,
  title={The epic story of maximum likelihood},
  author={Stigler, Stephen M and others},
  journal={Statistical Science},
  volume={22},
  number={4},
  pages={598--620},
  year={2007},
  publisher={Institute of Mathematical Statistics}
}

@article{rao1947factorial,
  title={Factorial experiments derivable from combinatorial arrangements of arrays},
  author={Rao, C Radhakrishna},
  journal={Supplement to the Journal of the Royal Statistical Society},
  volume={9},
  number={1},
  pages={128--139},
  year={1947},
  publisher={JSTOR}
}

@article{plackett1946design,
  title={The design of optimum multifactorial experiments},
  author={Plackett, Robin L and Burman, J Peter},
  journal={Biometrika},
  volume={33},
  number={4},
  pages={305--325},
  year={1946},
  publisher={JSTOR}
}


@article{box1960some,
  title={Some new three level designs for the study of quantitative variables},
  author={Box, George EP and Behnken, Donald W},
  journal={Technometrics},
  volume={2},
  number={4},
  pages={455--475},
  year={1960},
  publisher={Taylor \& Francis}
}

@article{finney1943fractional,
  title={The fractional replication of factorial arrangements},
  author={Finney, Do Jo},
  journal={Annals of Eugenics},
  volume={12},
  number={1},
  pages={291--301},
  year={1943},
  publisher={Wiley Online Library}
}

@article{box1951experimental,
  title={On the experimental attainment of optimum conditions},
  author={Box, George EP and Wilson, Kenneth B},
  journal={Journal of the royal statistical society: Series b (Methodological)},
  volume={13},
  number={1},
  pages={1--38},
  year={1951},
  publisher={Wiley Online Library}
}

@article{fellman1999gustav,
  title={Gustav {E}lfving's contribution to the emergence of the optimal experimental design theory},
  author={Fellman, J},
  journal={Statistical Science},
  pages={197--200},
  year={1999},
  publisher={JSTOR}
}

@book{box2013accidental,
  title={An Accidental Statistician: The Life and Memories of {G}eorge {EP} {B}ox},
  author={Box, George EP},
  year={2013},
  publisher={John Wiley \& Sons}
}

@article{chernoff1953locally,
  title={Locally optimal designs for estimating parameters},
  author={Chernoff, Herman},
  journal={The Annals of Mathematical Statistics},
  pages={586--602},
  year={1953},
  publisher={JSTOR}
}
@article{wald1943efficient,
  title={On the efficient design of statistical investigations},
  author={Wald, Abraham},
  journal={The annals of mathematical statistics},
  volume={14},
  number={2},
  pages={134--140},
  year={1943},
  publisher={JSTOR}
}

@article{elfving1952optimum,
  title={Optimum allocation in linear regression theory},
  author={Elfving, Gustav and others},
  journal={The Annals of Mathematical Statistics},
  volume={23},
  number={2},
  pages={255--262},
  year={1952},
  publisher={Institute of Mathematical Statistics}
}

@article{wynn1984jack,
  title={Jack {K}iefer's contributions to experimental design},
  author={Wynn, Henry P},
  journal={The Annals of Statistics},
  volume={12},
  number={2},
  pages={416--423},
  year={1984},
  publisher={JSTOR}
}
@article{kiefer1959optimum,
  title={Optimum experimental designs},
  author={Kiefer, Jack},
  journal={Journal of the Royal Statistical Society: Series B (Methodological)},
  volume={21},
  number={2},
  pages={272--304},
  year={1959},
  publisher={Wiley Online Library}
}

@book{russell2018design,
  title={Design of Experiments for Generalized Linear Models},
  author={Russell, Kenneth G},
  year={2018},
  publisher={CRC Press}
}

@article{white1973extension,
  title={An extension of the general equivalence theorem to nonlinear models},
  author={White, Lynda V},
  journal={Biometrika},
  volume={60},
  number={2},
  pages={345--348},
  year={1973},
  publisher={Oxford University Press}
}

@book{goos2011optimal,
  title={Optimal design of experiments: a case study approach},
  author={Goos, Peter and Jones, Bradley},
  year={2011},
  publisher={John Wiley \& Sons}
}

@article{stromberg2016effect,
  title={The effect of Fisher information matrix approximation methods in population optimal design calculations},
  author={Str{\"o}mberg, Eric A and Nyberg, Joakim and Hooker, Andrew C},
  journal={Journal of pharmacokinetics and pharmacodynamics},
  volume={43},
  number={6},
  pages={609--619},
  year={2016},
  publisher={Springer}
}

@book{pawitan2001all,
  title={In all likelihood: statistical modelling and inference using likelihood},
  author={Pawitan, Yudi},
  year={2001},
  publisher={Oxford University Press}
}

@article{fahrmeir1985consistency,
  title={Consistency and asymptotic normality of the maximum likelihood estimator in generalized linear models},
  author={Fahrmeir, Ludwig and Kaufmann, Heinz},
  journal={The Annals of Statistics},
  pages={342--368},
  year={1985},
  publisher={JSTOR}
}

@article{hoadley1971asymptotic,
  title={Asymptotic properties of maximum likelihood estimators for the independent not identically distributed case},
  author={Hoadley, Bruce},
  journal={The Annals of mathematical statistics},
  pages={1977--1991},
  year={1971},
  publisher={JSTOR}
}

@article{wu1981asymptotic,
  title={Asymptotic theory of nonlinear least squares estimation},
  author={Wu, Chien-Fu},
  journal={The Annals of Statistics},
  pages={501--513},
  year={1981},
  publisher={JSTOR}
}

@book{lehmann2006theory,
  title={Theory of point estimation},
  author={Lehmann, Erich L and Casella, George},
  year={2006},
  publisher={Springer Science \& Business Media}
}


@article{martin2002consistency,
  title={Consistency and identifiability revisited},
  author={Mart{\'\i}n, Ernesto San and Quintana, Fernando},
  journal={Brazilian Journal of Probability and Statistics},
  pages={99--106},
  year={2002},
  publisher={JSTOR}
}

@article{box1971bias,
  title={Bias in nonlinear estimation},
  author={Box, MJ},
  journal={Journal of the Royal Statistical Society: Series B (Methodological)},
  volume={33},
  number={2},
  pages={171--190},
  year={1971},
  publisher={Wiley Online Library}
}

@article{rilstone1996second,
  title={The second-order bias and mean squared error of nonlinear estimators},
  author={Rilstone, Paul and Srivastava, Virendra K and Ullah, Aman},
  journal={Journal of Econometrics},
  volume={75},
  number={2},
  pages={369--395},
  year={1996},
  publisher={Elsevier}
}

@book{lehmann2004elements,
  title={Elements of large-sample theory},
  author={Lehmann, Erich Leo},
  year={2004},
  publisher={Springer Science \& Business Media}
}
%%%%%%%%%%%%%%%%%%%%%%%%%%%%%%%%%%%%%%%%%%%%%%%%%%%%%%%%
%REVIEW
%%%%%%%%%%%%%%%%%%%%%%%%%%%%%%%%%%%%%%%%%%%%%%%%%%%%%%%%
%section 1 - intro
@article{nielsen2016genetic,
  title={Genetic circuit design automation},
  author={Nielsen, Alec AK and Der, Bryan S and Shin, Jonghyeon and Vaidyanathan, Prashant and Paralanov, Vanya and Strychalski, Elizabeth A and Ross, David and Densmore, Douglas and Voigt, Christopher A},
  journal={Science},
  volume={352},
  number={6281},
  pages={aac7341},
  year={2016},
  publisher={American Association for the Advancement of Science}
}
%section 2 - dynamic experimental tools
@article{toettcher2011light,
  title={Light-based feedback for controlling intracellular signaling dynamics},
  author={Toettcher, Jared E and Gong, Delquin and Lim, Wendell A and Weiner, Orion D},
  journal={Nature Methods},
  volume={8},
  number={10},
  pages={837},
  year={2011},
  publisher={Nature Publishing Group}
}
@article{castillo2015train,
  title={How to train your microbe: methods for dynamically characterizing gene networks},
  author={Castillo-Hair, Sebastian M and Igoshin, Oleg A and Tabor, Jeffrey J},
  journal={Current Opinion in Microbiology},
  volume={24},
  pages={113--123},
  year={2015},
  publisher={Elsevier}
}
@article{olson2014optogenetic,
  title={Optogenetic characterization methods overcome key challenges in synthetic and systems biology},
  author={Olson, Evan J and Tabor, Jeffrey J},
  journal={Nature Chemical Biology},
  volume={10},
  number={7},
  pages={502--511},
  year={2014},
  publisher={Nature Research}
}
@article{mettetal2008frequency,
  title={The frequency dependence of osmo-adaptation in Saccharomyces cerevisiae},
  author={Mettetal, Jerome T and Muzzey, Dale and G{\'o}mez-Uribe, Carlos and van Oudenaarden, Alexander},
  journal={Science},
  volume={319},
  number={5862},
  pages={482--484},
  year={2008},
  publisher={American Association for the Advancement of Science}
}
@article{matteau2015small,
  title={A small-volume, low-cost, and versatile continuous culture device},
  author={Matteau, Dominick and Baby, Vincent and Pelletier, St{\'e}phane and Rodrigue, S{\'e}bastien},
  journal={PLoS One},
  volume={10},
  number={7},
  pages={e0133384},
  year={2015},
  publisher={Public Library of Science}
}
%%%%%%%%%%%%%%%%%%%%%%
%subsection - biological tools
%%%%%%%%%%%%%%%%%%%%%%
@article{olson2014characterizing,
  title={Characterizing bacterial gene circuit dynamics with optically programmed gene expression signals},
  author={Olson, Evan J and Hartsough, Lucas A and Landry, Brian P and Shroff, Raghav and Tabor, Jeffrey J},
  journal={Nature Methods},
  volume={11},
  number={4},
  pages={449--455},
  year={2014},
  publisher={Nature Research}
}
@article{menolascina2014vivo,
  title={In-vivo real-time control of protein expression from endogenous and synthetic gene networks},
  author={Menolascina, Filippo and Fiore, Gianfranco and Orabona, Emanuele and De Stefano, Luca and Ferry, Mike and Hasty, Jeff and di Bernardo, Mario and di Bernardo, Diego},
  journal={PLoS Computational Biology},
  volume={10},
  number={5},
  pages={e1003625},
  year={2014},
  publisher={Public Library of Science}
}
@article{davidson2013programming,
  title={Programming microbes using pulse width modulation of optical signals},
  author={Davidson, Eric A and Basu, Amar S and Bayer, Travis S},
  journal={Journal of Molecular Biology},
  volume={425},
  number={22},
  pages={4161--4166},
  year={2013},
  publisher={Elsevier}
}
@article{tabor2011multichromatic,
  title={Multichromatic control of gene expression in \textit{{E}scherichia coli}},
  author={Tabor, Jeffrey J and Levskaya, Anselm and Voigt, Christopher A},
  journal={Journal of Molecular Biology},
  volume={405},
  number={2},
  pages={315--324},
  year={2011},
  publisher={Elsevier}
}
@article{toettcher2013using,
  title={Using optogenetics to interrogate the dynamic control of signal transmission by the {R}as/{E}rk module},
  author={Toettcher, Jared E and Weiner, Orion D and Lim, Wendell A},
  journal={Cell},
  volume={155},
  number={6},
  pages={1422--1434},
  year={2013},
  publisher={Elsevier}
}
@article{milias2011silico,
  title={{\em In silico} feedback for {\em in vivo} regulation of a gene expression circuit},
  author={Milias-Argeitis, Andreas and Summers, Sean and Stewart-Ornstein, Jacob and Zuleta, Ignacio and Pincus, David and El-Samad, Hana and Khammash, Mustafa and Lygeros, John},
  journal={Nature Biotechnology},
  volume={29},
  number={12},
  pages={1114--1116},
  year={2011},
  publisher={Nature Research}
}
@article{milias2016automated,
  title={Automated optogenetic feedback control for precise and robust regulation of gene expression and cell growth},
  author={Milias-Argeitis, Andreas and Rullan, Marc and Aoki, Stephanie K and Buchmann, Peter and Khammash, Mustafa},
  journal={Nature Communications},
  volume={7},
  pages={12546},
  year={2016},
  publisher={Nature Publishing Group}
}

@article{uhlendorf2012long,
  title={Long-term model predictive control of gene expression at the population and single-cell levels},
  author={Uhlendorf, Jannis and Miermont, Agn{\`e}s and Delaveau, Thierry and Charvin, Gilles and Fages, Fran{\c{c}}ois and Bottani, Samuel and Batt, Gregory and Hersen, Pascal},
  journal={Proceedings of the National Academy of Sciences USA},
  volume={109},
  number={35},
  pages={14271--14276},
  year={2012},
  publisher={National Acad Sciences}
}
@article{danino2010synchronized,
  title={A synchronized quorum of genetic clocks},
  author={Danino, Tal and Mondrag{\'o}n-Palomino, Octavio and Tsimring, Lev and Hasty, Jeff},
  journal={Nature},
  volume={463},
  number={7279},
  pages={326--330},
  year={2010},
  publisher={Nature Publishing Group}
}
@article{hagen2013convergence,
  title={Convergence in parameters and predictions using computational experimental design},
  author={Hagen, David R and White, Jacob K and Tidor, Bruce},
  journal={Interface Focus},
  volume={3},
  number={4},
  pages={20130008},
  year={2013},
  publisher={Royal Society}
}
@article{chait2017shaping,
  title={Shaping bacterial population behavior through computer-interfaced control of individual cells},
  author={Chait, Remy and Ruess, Jakob and Bergmiller, Tobias and Tka{\v{c}}ik, Ga{\v{s}}per and Guet, C{\u{a}}lin C},
  journal={Nature Communications},
  volume={8},
  number={1},
  pages={1535},
  year={2017},
  publisher={Nature Publishing Group}
}
@article{melendez2014real,
  title={Real-time optogenetic control of intracellular protein concentration in microbial cell cultures},
  author={Melendez, Justin and Patel, Michael and Oakes, Benjamin L and Xu, Ping and Morton, Patrick and McClean, Megan N},
  journal={Integrative Biology},
  volume={6},
  number={3},
  pages={366--372},
  year={2014},
  publisher={Royal Society of Chemistry}
}
@article{ramakrishnan2016repurposing,
  title={Repurposing \textit{Synechocystis} {PCC}6803 {U}ir{S}--{U}ir{R} as a {UV}-violet/green photoreversible transcriptional regulatory tool in \textit{E. coli}},
  author={Ramakrishnan, Prabha and Tabor, Jeffrey J},
  journal={ACS synthetic biology},
  volume={5},
  number={7},
  pages={733--740},
  year={2016},
  publisher={ACS Publications}
}
@article{repina2017light,
  title={At light speed: advances in optogenetic systems for regulating cell signaling and behavior},
  author={Repina, Nicole A and Rosenbloom, Alyssa and Mukherjee, Abhirup and Schaffer, David V and Kane, Ravi S},
  journal={Annual Review of Chemical and Biomolecular Engineering},
  volume={8},
  pages={13--39},
  year={2017},
  publisher={Annual Reviews}
}
@article{baumschlager2017dynamic,
  title={Dynamic blue light-inducible T7 {RNA} polymerases (Opto-T7RNAPs) for precise spatiotemporal gene expression control},
  author={Baumschlager, Armin and Aoki, Stephanie K and Khammash, Mustafa},
  journal={ACS synthetic biology},
  volume={6},
  number={11},
  pages={2157--2167},
  year={2017},
  publisher={ACS Publications}
}
@article{nihongaki2015crispr,
  title={{CRISPR}-{C}as9-based photoactivatable transcription system},
  author={Nihongaki, Yuta and Yamamoto, Shun and Kawano, Fuun and Suzuki, Hideyuki and Sato, Moritoshi},
  journal={Chemistry \& biology},
  volume={22},
  number={2},
  pages={169--174},
  year={2015},
  publisher={Elsevier}
}
@article{stewart2017model,
  title={Model-guided optogenetic study of {PKA} signaling in budding yeast},
  author={Stewart-Ornstein, Jacob and Chen, Susan and Bhatnagar, Rajat and Weissman, Jonathan S and El-Samad, Hana},
  journal={Molecular Biology of the Cell},
  volume={28},
  number={1},
  pages={221--227},
  year={2017},
  publisher={Am Soc Cell Biol}
}
@article{aranda2016robust,
  title={Robust Synthetic Circuits for Two-Dimensional Control of Gene Expression in Yeast},
  author={Aranda-D{\'\i}az, Andr{\'e}s and Mace, Kieran and Zuleta, Ignacio and Harrigan, Patrick and El-Samad, Hana},
  journal={ACS Synthetic Biology},
  volume={6},
  number={3},
  pages={545--554},
  year={2016},
  publisher={ACS Publications}
}

@article{fiore2015vivo,
  title={{\em In vivo} real-time control of gene expression: A comparative analysis of feedback control strategies in yeast},
  author={Fiore, Gianfranco and Perrino, Giansimone and di Bernardo, Mario and di Bernardo, Diego},
  journal={ACS Synthetic Biology},
  volume={5},
  number={2},
  pages={154--162},
  year={2015},
  publisher={ACS Publications}
}
@article{lugagne2017balancing,
  title={Balancing a genetic toggle switch by real-time feedback control and periodic forcing},
  author={Lugagne, Jean-Baptiste and Carrillo, Sebasti{\'a}n Sosa and Kirch, Melanie and K{\"o}hler, Agnes and Batt, Gregory and Hersen, Pascal},
  journal={Nature Communications},
  volume={8},
  number={1},
  pages={1671},
  year={2017},
  publisher={Nature Publishing Group}
}
@article{hao2012signal,
  title={Signal-dependent dynamics of transcription factor translocation controls gene expression},
  author={Hao, Nan and O'Shea, Erin K},
  journal={Nature Structural \& Molecular Biology},
  volume={19},
  number={1},
  pages={31--39},
  year={2012},
  publisher={Nature Research}
}
@article{hansen2013promoter,
  title={Promoter decoding of transcription factor dynamics involves a trade-off between noise and control of gene expression},
  author={Hansen, Anders S and O'Shea, Erin K},
  journal={Molecular Systems Biology},
  volume={9},
  number={1},
  pages={704},
  year={2013},
  publisher={EMBO Press}
}
@article{briat2016antithetic,
  title={Antithetic integral feedback ensures robust perfect adaptation in noisy biomolecular networks},
  author={Briat, Corentin and Gupta, Ankit and Khammash, Mustafa},
  journal={Cell Systems},
  volume={2},
  number={1},
  pages={15--26},
  year={2016},
  publisher={Elsevier}
}
%%%%%%%%%%%%%%%%%%%%%%
%subsection - hardware
%%%%%%%%%%%%%%%%%%%%%%
 @MISC{estevez2009inexpensive,
  title={An inexpensive and durable epoxy mould for {PDMS}},
  author={Estevez-Torres, A and Yamada, A and Wang, L},
  editor={Chips and Tips},
  year={2009},
  howpublished ={\url{http://blogs.rsc.org/chipsandtips/2009/04/22/an-inexpensive-and-durable-epoxy-mould-for-pdms/}},
   note ={[Accessed: February 8, 2018]}
}

@article{kong2017open,
  title={Open-source, community-driven microfluidics with {M}etafluidics},
  author={Kong, David S and Thorsen, Todd A and Babb, Jonathan and Wick, Scott T and Gam, Jeremy J and Weiss, Ron and Carr, Peter A},
  journal={Nature Biotechnology},
  volume={35},
  number={6},
  pages={523--529},
  year={2017},
  publisher={Nature Research}
}
@article{gerhardt2016open,
  title={An open-hardware platform for optogenetics and photobiology},
  author={Gerhardt, Karl P and Olson, Evan J and Castillo-Hair, Sebastian M and Hartsough, Lucas A and Landry, Brian P and Ekness, Felix and Yokoo, Rayka and Gomez, Eric J and Ramakrishnan, Prabha and Suh, Junghae and others},
  journal={Scientific Reports},
  volume={6},
  pages={35363},
  year={2016},
  publisher={Nature Publishing Group}
}
@article{wang2017mini,
  title={Mini photobioreactors for {\em in vivo}, real time characterization and evolutionary tuning of bacterial optogenetic circuit},
  author={Wang, Hsinkai and Yang, Ya-Tang},
  journal={ACS Synthetic Biology},
  year={2017},
  publisher={ACS Publications}
}
@article{toprak2013building,
  title={Building a morbidostat: an automated continuous-culture device for studying bacterial drug resistance under dynamically sustained drug inhibition},
  author={Toprak, Erdal and Veres, Adrian and Yildiz, Sadik and Pedraza, Juan M and Chait, Remy and Paulsson, Johan and Kishony, Roy},
  journal={Nature Protocols},
  volume={8},
  number={3},
  pages={555},
  year={2013},
  publisher={Nature Publishing Group}
}
@article{takahashi2014low,
  title={A low cost, customizable turbidostat for use in synthetic circuit characterization},
  author={Takahashi, Chris N and Miller, Aaron W and Ekness, Felix and Dunham, Maitreya J and Klavins, Eric},
  journal={ACS Synthetic Biology},
  volume={4},
  number={1},
  pages={32--38},
  year={2014},
  publisher={ACS Publications}
}
@article{szita2010microfluidic,
  title={Microfluidic approaches for systems and synthetic biology},
  author={Szita, Nicolas and Polizzi, Karen and Jaccard, Nicolas and Baganz, Frank},
  journal={Current Opinion in Biotechnology},
  volume={21},
  number={4},
  pages={517--523},
  year={2010},
  publisher={Elsevier}
}
@article{duncombe2015microfluidics,
  title={Microfluidics: reframing biological enquiry},
  author={Duncombe, Todd A and Tentori, Augusto M and Herr, Amy E},
  journal={Nature Reviews Molecular Cell Biology},
  volume={16},
  number={9},
  pages={554--567},
  year={2015},
  publisher={Nature Research}
}
@article{caen2017microfluidics,
  title={Microfluidics as a strategic player to decipher single-cell omics?},
  author={Caen, Ouriel and Lu, Heng and Nizard, Philippe and Taly, Valerie},
  journal={Trends in Biotechnology},
  volume={35},
  number={8},
  pages={713--727},
  year={2017},
  publisher={Elsevier}
}
@article{edelstein2014advanced,
  title={Advanced methods of microscope control using $\mu$Manager software},
  author={Edelstein, Arthur D and Tsuchida, Mark A and Amodaj, Nenad and Pinkard, Henry and Vale, Ronald D and Stuurman, Nico},
  journal={Journal of Biological Methods},
  volume={1},
  number={2},
  year={2014},
  publisher={NIH Public Access}
}
@article{lawson2017situ,
  title={{\em In situ} genotyping of a pooled strain library after characterizing complex phenotypes},
  author={Lawson, Michael J and Camsund, Daniel and Larsson, Jimmy and Baltekin, {\"O}zden and Fange, David and Elf, Johan},
  journal={Molecular Systems Biology},
  volume={13},
  number={10},
  pages={947},
  year={2017},
  publisher={EMBO Press}
}

@article{kiefer1958nonrandomized,
  title={On the nonrandomized optimality and randomized nonoptimality of symmetrical designs},
  author={Kiefer, Jack},
  journal={The Annals of Mathematical Statistics},
  pages={675--699},
  year={1958},
  publisher={JSTOR}
}

@article{box1959design,
  title={Design of experiments in non-linear situations},
  author={Box, George EP and Lucas, HL},
  journal={Biometrika},
  volume={46},
  number={1/2},
  pages={77--90},
  year={1959},
  publisher={JSTOR}
}
@book{pukelsheim2006optimal,
  title={Optimal Design of Experiments},
  author={Pukelsheim, Friedrich},
  year={2006},
  publisher={SIAM}
}
@book{ljung1999system,
  title={System Identification: Theory for the User},
  author={Ljung, Lennart},
  publisher={Prentice Hall PTR},
  year={1999}
}
@article{gutenkunst2007universally,
  title={Universally sloppy parameter sensitivities in systems biology models},
  author={Gutenkunst, Ryan N and Waterfall, Joshua J and Casey, Fergal P and Brown, Kevin S and Myers, Christopher R and Sethna, James P},
  journal={PLoS Computational Biology},
  volume={3},
  number={10},
  pages={e189},
  year={2007},
  publisher={Public Library of Science}
}
@article{erguler2011practical,
  title={Practical limits for reverse engineering of dynamical systems: a statistical analysis of sensitivity and parameter inferability in systems biology models},
  author={Erguler, Kamil and Stumpf, Michael PH},
  journal={Molecular BioSystems},
  volume={7},
  number={5},
  pages={1593--1602},
  year={2011},
  publisher={Royal Society of Chemistry}
}
@article{apgar2010sloppy,
  title={Sloppy models, parameter uncertainty, and the role of experimental design},
  author={Apgar, Joshua F and Witmer, David K and White, Forest M and Tidor, Bruce},
  journal={Molecular BioSystems},
  volume={6},
  number={10},
  pages={1890--1900},
  year={2010},
  publisher={Royal Society of Chemistry}
}

@article{silk2014model,
  title={Model selection in systems biology depends on experimental design},
  author={Silk, Daniel and Kirk, Paul DW and Barnes, Chris P and Toni, Tina and Stumpf, Michael PH},
  journal={PLoS Computational Biology},
  volume={10},
  number={6},
  pages={e1003650},
  year={2014},
  publisher={Public Library of Science}
}
@article{chis2016relationship,
  title={On the relationship between sloppiness and identifiability},
  author={Chis, Oana-Teodora and Villaverde, Alejandro F and Banga, Julio R and Balsa-Canto, Eva},
  journal={Mathematical Biosciences},
  volume={282},
  pages={147--161},
  year={2016},
  publisher={Elsevier}
}
@article{kreutz2009systems,
  title={Systems biology: experimental design},
  author={Kreutz, Clemens and Timmer, Jens},
  journal={The FEBS Journal},
  volume={276},
  number={4},
  pages={923--942},
  year={2009},
  publisher={Wiley Online Library}
}
@article{chakrabarty2013model,
  title={Model-based design of experiments for cellular processes},
  author={Chakrabarty, Ankush and Buzzard, Gregery T and Rundell, Ann E},
  journal={Wiley Interdisciplinary Reviews: Systems Biology and Medicine},
  volume={5},
  number={2},
  pages={181--203},
  year={2013},
  publisher={Wiley Online Library}
}
@article{banga2008parameter,
  title={Parameter estimation and optimal experimental design},
  author={Banga, Julio R and Balsa-Canto, Eva},
  journal={Essays in Biochemistry},
  volume={45},
  pages={195--210},
  year={2008},
  publisher={Portland Press Limited}
}
@article{ryan2016review,
  title={A review of modern computational algorithms for {B}ayesian optimal design},
  author={Ryan, Elizabeth G and Drovandi, Christopher C and McGree, James M and Pettitt, Anthony N},
  journal={International Statistical Review},
  volume={84},
  number={1},
  pages={128--154},
  year={2016},
  publisher={Wiley Online Library}
}
@article{franceschini2008model,
  title={Model-based design of experiments for parameter precision: State of the art},
  author={Franceschini, Gaia and Macchietto, Sandro},
  journal={Chemical Engineering Science},
  volume={63},
  number={19},
  pages={4846--4872},
  year={2008},
  publisher={Elsevier}
}
@article{asprey2002designing,
  title={Designing robust optimal dynamic experiments},
  author={Asprey, SP and Macchietto, S},
  journal={Journal of Process Control},
  volume={12},
  number={4},
  pages={545--556},
  year={2002},
  publisher={Elsevier}
}
@article{balsa2008computational,
  title={Computational procedures for optimal experimental design in biological systems},
  author={Balsa-Canto, Eva and Alonso, Antonio A and Banga, Julio R},
  journal={IET Systems Biology},
  volume={2},
  number={4},
  pages={163--172},
  year={2008},
  publisher={IET}
}
@article{chu2008integrating,
  title={Integrating parameter selection with experimental design under uncertainty for nonlinear dynamic systems},
  author={Chu, Yunfei and Hahn, Juergen},
  journal={AIChE Journal},
  volume={54},
  number={9},
  pages={2310--2320},
  year={2008},
  publisher={Wiley Online Library}
}
@article{mdluli2015efficient,
  title={Efficient optimization of stimuli for model-based design of experiments to resolve dynamical uncertainty},
  author={Mdluli, Thembi and Buzzard, Gregery T and Rundell, Ann E},
  journal={PLoS Computational Biology},
  volume={11},
  number={9},
  pages={e1004488},
  year={2015},
  publisher={Public Library of Science}
}
@article{ruess2013designing,
  title={Designing experiments to understand the variability in biochemical reaction networks},
  author={Ruess, Jakob and Milias-Argeitis, Andreas and Lygeros, John},
  journal={Journal of the Royal Society Interface},
  volume={10},
  number={88},
  pages={20130588},
  year={2013},
  publisher={The Royal Society}
}
@article{liepe2013maximizing,
  title={Maximizing the information content of experiments in systems biology},
  author={Liepe, Juliane and Filippi, Sarah and Komorowski, Micha{\l} and Stumpf, Michael PH},
  journal={PLoS Computational Biology},
  volume={9},
  number={1},
  pages={e1002888},
  year={2013},
  publisher={Public Library of Science}
}
@inproceedings{zechner2012optimal,
  title={Optimal variational perturbations for the inference of stochastic reaction dynamics},
  author={Zechner, Christoph and Nandy, Preetam and Unger, Michael and Koeppl, Heinz},
  booktitle={Decision and Control (CDC), 2012 IEEE 51st Annual Conference on},
  pages={5336--5341},
  year={2012},
  organization={IEEE}
}
@article{nandy2012optimal,
  title={Optimal perturbations for the identification of stochastic reaction dynamics},
  author={Nandy, Preetam and Unger, Michael and Zechner, Christoph and Koeppl, Heinz},
  journal={IFAC Proceedings Volumes},
  volume={45},
  number={16},
  pages={686--691},
  year={2012},
  publisher={Elsevier}
}
@article{balsa2010iterative,
  title={An iterative identification procedure for dynamic modeling of biochemical networks},
  author={Balsa-Canto, Eva and Alonso, Antonio A and Banga, Julio R},
  journal={BMC Systems Biology},
  volume={4},
  number={1},
  pages={11},
  year={2010},
  publisher={BioMed Central}
}
@article{balsa2007optimal,
  title={OPTIMAL DYNAMIC EXPERIMENTAL DESIGN IN SYSTEMS BIOLOGY: APPLICATIONS IN CELL SIGNALING.},
  author={Balsa-Canto, Eva and Alonso, Antonio A and Banga, Julio R},
  journal={IFAC Proceedings Volumes},
  volume={40},
  number={4},
  pages={73--78},
  year={2007},
  publisher={Elsevier}
}
@article{skanda2010optimal,
  title={An optimal experimental design approach to model discrimination in dynamic biochemical systems},
  author={Skanda, Dominik and Lebiedz, Dirk},
  journal={Bioinformatics},
  volume={26},
  number={7},
  pages={939--945},
  year={2010},
  publisher={Oxford University Press}
}
@article{vanlier2012bayesian,
  title={A {B}ayesian approach to targeted experiment design},
  author={Vanlier, Joep and Tiemann, Christian A and Hilbers, Peter AJ and van Riel, Natal AW},
  journal={Bioinformatics},
  volume={28},
  number={8},
  pages={1136--1142},
  year={2012},
  publisher={Oxford University Press}
}
@article{stegmaier2013robust,
  title={Robust optimal design of experiments for model discrimination using an interactive software tool},
  author={Stegmaier, Johannes and Skanda, Dominik and Lebiedz, Dirk},
  journal={PLoS One},
  volume={8},
  number={2},
  pages={e55723},
  year={2013},
  publisher={Public Library of Science}
}
@article{flassig2012optimal,
  title={Optimal design of stimulus experiments for robust discrimination of biochemical reaction networks},
  author={Flassig, Robert J and Sundmacher, Kai},
  journal={Bioinformatics},
  volume={28},
  number={23},
  pages={3089--3096},
  year={2012},
  publisher={Oxford University Press}
}
@article{melykuti2010discriminating,
  title={Discriminating between rival biochemical network models: three approaches to optimal experiment design},
  author={M{\'e}lyk{\'u}ti, Bence and August, Elias and Papachristodoulou, Antonis and El-Samad, Hana},
  journal={BMC Systems Biology},
  volume={4},
  number={1},
  pages={38},
  year={2010},
  publisher={BioMed Central}
}

@article{apgar2008stimulus,
  title={Stimulus design for model selection and validation in cell signaling},
  author={Apgar, Joshua F and Toettcher, Jared E and Endy, Drew and White, Forest M and Tidor, Bruce},
  journal={PLoS Computational Biology},
  volume={4},
  number={2},
  pages={e30},
  year={2008},
  publisher={Public Library of Science}
}
@article{white2016limitations,
  title={The limitations of model-based experimental design and parameter estimation in sloppy systems},
  author={White, Andrew and Tolman, Malachi and Thames, Howard D and Withers, Hubert Rodney and Mason, Kathy A and Transtrum, Mark K},
  journal={PLoS Computational Biology},
  volume={12},
  number={12},
  pages={e1005227},
  year={2016},
  publisher={Public Library of Science}
}
@article{faller2003simulation,
  title={Simulation methods for optimal experimental design in systems biology},
  author={Faller, Daniel and Klingm{\"u}ller, Ursula and Timmer, Jens},
  journal={Simulation},
  volume={79},
  number={12},
  pages={717--725},
  year={2003},
  publisher={Sage Publications}
}
@article{espie1989optimal,
  title={The optimal design of dynamic experiments},
  author={Espie, D and Macchietto, S},
  journal={AIChE Journal},
  volume={35},
  number={2},
  pages={223--229},
  year={1989},
  publisher={Wiley Online Library}
}
@article{balsa2008computing,
  title={Computing optimal dynamic experiments for model calibration in predictive microbiology},
  author={BALSA-CANTO, E and Alonso, AA and Banga, JR},
  journal={Journal of Food Process Engineering},
  volume={31},
  number={2},
  pages={186--206},
  year={2008},
  publisher={Wiley Online Library}
}
@article{maiwald2007dynamic,
  title={Dynamic pathway modeling},
  author={Maiwald, Thomas and Kreutz, Clemens and Pfeifer, Andrea C and Bohl, Sebastian and Klingmueller, Ursula and Timmer, Jens},
  journal={Annals of the New York Academy of Sciences},
  volume={1115},
  number={1},
  pages={212--220},
  year={2007},
  publisher={Wiley Online Library}
}
@inproceedings{pan2016online,
  title={Online model selection for synthetic gene networks},
  author={Pan, Wei and Menolascina, Filippo and Stan, Guy-Bart},
  booktitle={Proceedings of the 2016 IEEE 55th Conference on Decision and Control (CDC)},
  pages={776--782},
  year={2016},
  organization={IEEE}
}
@article{galvanin2009online,
  title={Online model-based redesign of experiments for parameter estimation in dynamic systems},
  author={Galvanin, Federico and Barolo, Massimiliano and Bezzo, Fabrizio},
  journal={Industrial \& Engineering Chemistry Research},
  volume={48},
  number={9},
  pages={4415--4427},
  year={2009},
  publisher={ACS Publications}
}
@article{galvanin2012online,
  title={Online model-based redesign of experiments with erratic models: A disturbance estimation approach},
  author={Galvanin, Federico and Barolo, Massimiliano and Pannocchia, Gabriele and Bezzo, Fabrizio},
  journal={Computers \& Chemical Engineering},
  volume={42},
  pages={138--151},
  year={2012},
  publisher={Elsevier}
}
@article{bazil2012global,
  title={A global parallel model based design of experiments method to minimize model output uncertainty},
  author={Bazil, Jason N and Buzzard, Gregory T and Rundell, Ann E},
  journal={Bulletin of Mathematical Biology},
  volume={74},
  number={3},
  pages={688--716},
  year={2012},
  publisher={Springer}
}
@article{galvanin2007model,
  title={Model-based design of parallel experiments},
  author={Galvanin, Federico and Macchietto, Sandro and Bezzo, Fabrizio},
  journal={Industrial \& Engineering Chemistry Research},
  volume={46},
  number={3},
  pages={871--882},
  year={2007},
  publisher={ACS Publications}
}
@article{sachs2016image,
  title={Image-Based Single Cell Profiling: High-Throughput Processing of Mother Machine Experiments},
  author={Sachs, Christian Carsten and Gr{\"u}nberger, Alexander and Helfrich, Stefan and Probst, Christopher and Wiechert, Wolfgang and Kohlheyer, Dietrich and N{\"o}h, Katharina},
  journal={PLoS One},
  volume={11},
  number={9},
  pages={e0163453},
  year={2016},
  publisher={Public Library of Science}
}
%section 4
@article{bandara2009optimal,
  title={Optimal experimental design for parameter estimation of a cell signaling model},
  author={Bandara, Samuel and Schl{\"o}der, Johannes P and Eils, Roland and Bock, Hans Georg and Meyer, Tobias},
  journal={PLoS Computational Biology},
  volume={5},
  number={11},
  pages={e1000558},
  year={2009},
  publisher={Public Library of Science}
}
@article{ruess2015iterative,
  title={Iterative experiment design guides the characterization of a light-inducible gene expression circuit},
  author={Ruess, Jakob and Parise, Francesca and Milias-Argeitis, Andreas and Khammash, Mustafa and Lygeros, John},
  journal={Proceedings of the National Academy of Sciences USA},
  volume={112},
  number={26},
  pages={8148--8153},
  year={2015},
  publisher={National Acad Sciences}
}
@article{van2008accurate,
  title={Accurate estimation of cardinal growth temperatures of \textit{{E}scherichia coli} from optimal dynamic experiments},
  author={Van DerlCinden, Eva and Bernaerts, Kristel and Van Impe, JF},
  journal={International Journal of Food Microbiology},
  volume={128},
  number={1},
  pages={89--100},
  year={2008},
  publisher={Elsevier}
}
@article{franceschini2008novel,
  title={Novel anticorrelation criteria for design of experiments: Algorithm and application},
  author={Franceschini, Gaia and Macchietto, Sandro},
  journal={AIChE Journal},
  volume={54},
  number={12},
  pages={3221--3238},
  year={2008},
  publisher={Wiley Online Library}
}
@article{brik2005application,
  title={Application of model discriminating experimental design for modeling and development of a fermentative fed-batch {L}-valine production process},
  author={Brik Ternbach, Michel and Bollman, Christian and Wandrey, Christian and Takors, Ralf},
  journal={Biotechnology and Bioengineering},
  volume={91},
  number={3},
  pages={356--368},
  year={2005},
  publisher={Wiley Online Library}
}
@article{barz2010handling,
  title={Handling uncertainty in model-based optimal experimental design},
  author={Barz, Tilman and Arellano-Garcia, Harvey and Wozny, Günter},
  journal={Industrial \& Engineering Chemistry Research},
  volume={49},
  number={12},
  pages={5702--5713},
  year={2010},
  publisher={ACS Publications}
}
%Conclusion
@article{telen2012optimal,
  title={Optimal experiment design for dynamic bioprocesses: a multi-objective approach},
  author={Telen, Dries and Logist, Filip and Van Derlinden, Eva and Tack, Ignace and Van Impe, Jan},
  journal={Chemical Engineering Science},
  volume={78},
  pages={82--97},
  year={2012},
  publisher={Elsevier}
}

@article{weber2012trajectory,
  title={Trajectory-oriented {B}ayesian experiment design versus {F}isher {A}-optimal design: an in depth comparison study},
  author={Weber, Patrick and Kramer, Andrei and Dingler, Clemens and Radde, Nicole},
  journal={Bioinformatics},
  volume={28},
  number={18},
  pages={i535--i541},
  year={2012},
  publisher={Oxford University Press}
}
@article{cardinale2012contextualizing,
  title={Contextualizing context for synthetic biology--identifying causes of failure of synthetic biological systems},
  author={Cardinale, Stefano and Arkin, Adam Paul},
  journal={Biotechnology Journal},
  volume={7},
  number={7},
  pages={856--866},
  year={2012},
  publisher={Wiley Online Library}
}
@article{fernandez2017engineering,
  title={Engineering RGB color vision into {E}scherichia coli},
  author={Fernandez-Rodriguez, Jesus and Moser, Felix and Song, Miryoung and Voigt, Christopher A},
  journal={Nature Chemical Biology},
  year={2017},
  publisher={Nature Research}
}
@article{tabor2009synthetic,
  title={A synthetic genetic edge detection program},
  author={Tabor, Jeffrey J and Salis, Howard M and Simpson, Zachary Booth and Chevalier, Aaron A and Levskaya, Anselm and Marcotte, Edward M and Voigt, Christopher A and Ellington, Andrew D},
  journal={Cell},
  volume={137},
  number={7},
  pages={1272--1281},
  year={2009},
  publisher={Elsevier}
}
@article{roehner2016double,
  title={Double Dutch: A tool for designing combinatorial libraries of biological systems},
  author={Roehner, Nicholas and Young, Eric M and Voigt, Christopher A and Gordon, D Benjamin and Densmore, Douglas},
  journal={ACS Synthetic Biology},
  volume={5},
  number={6},
  pages={507--517},
  year={2016},
  publisher={ACS Publications}
}
@article{tschirhart2017electronic,
  title={Electronic control of gene expression and cell behaviour in \textit{{E}scherichia coli} through redox signalling},
  author={Tschirhart, Tanya and Kim, Eunkyoung and McKay, Ryan and Ueda, Hana and Wu, Hsuan-Chen and Pottash, Alex Eli and Zargar, Amin and Negrete, Alejandro and Shiloach, Joseph and Payne, Gregory F and others},
  journal={Nature Communications},
  volume={8},
  pages={14030},
  year={2017},
  publisher={Nature Publishing Group}
}
@article{piraner2017going,
  title={Going Deeper: Biomolecular Tools for Acoustic and Magnetic Imaging and Control of Cellular Function},
  author={Piraner, Dan I and Farhadi, Arash and Davis, Hunter C and Wu, Di and Maresca, David and Szablowski, Jerzy O and Shapiro, Mikhail G},
  journal={Biochemistry},
  volume={56},
  number={39},
  pages={5202--5209},
  year={2017},
  publisher={ACS Publications}
}
@article{guglielmi2016optogenetic,
  title={Optogenetic control of protein function: from intracellular processes to tissue morphogenesis},
  author={Guglielmi, Giorgia and Falk, Henning Johannes and De Renzis, Stefano},
  journal={Trends in Cell Biology},
  volume={26},
  number={11},
  pages={864--874},
  year={2016},
  publisher={Elsevier}
}
@article{sinkoe2017optimal,
  title={Optimal experimental design for parameter estimation of an IL-6 signaling model},
  author={Sinkoe, Andrew and Hahn, Juergen},
  journal={Processes},
  volume={5},
  number={3},
  pages={49},
  year={2017},
  publisher={Multidisciplinary Digital Publishing Institute}
}
% metrology
@article{beal2014bridging,
  title={Bridging the gap: a roadmap to breaking the biological design barrier},
  author={Beal, Jacob},
  journal={Frontiers in Bioengineering and Biotechnology},
  volume={2},
  year={2014},
  publisher={Frontiers Media SA}
}
@article{beal2016reproducibility,
  title={Reproducibility of fluorescent expression from engineered biological constructs in {E}. coli},
  author={Beal, Jacob and Haddock-Angelli, Traci and Gershater, Markus and De Mora, Kim and Lizarazo, Meagan and Hollenhorst, Jim and Rettberg, Randy and others},
  journal={PLoS One},
  volume={11},
  number={3},
  pages={e0150182},
  year={2016},
  publisher={Public Library of Science}
}
@article{davidsohn2014accurate,
  title={Accurate predictions of genetic circuit behavior from part characterization and modular composition},
  author={Davidsohn, Noah and Beal, Jacob and Kiani, Samira and Adler, Aaron and Yaman, Fusun and Li, Yinqing and Xie, Zhen and Weiss, Ron},
  journal={ACS Synthetic Biology},
  volume={4},
  number={6},
  pages={673--681},
  year={2014},
  publisher={ACS Publications}
}
@article{beal2012method,
  title={A method for fast, high-precision characterization of synthetic biology devices},
  author={Beal, Jacob and Weiss, Ron and Yaman, Fusun and Davidsohn, Noah and Adler, Aaron},
  year={2012}
}
@article{lipan2005use,
  title={The use of oscillatory signals in the study of genetic networks},
  author={Lipan, Ovidiu and Wong, Wing H},
  journal={Proceedings of the National Academy of Sciences of the United States of America},
  volume={102},
  number={20},
  pages={7063--7068},
  year={2005},
  publisher={National Acad Sciences}
}
@article{castillo2016flowcal,
  title={FlowCal: A user-friendly, open source software tool for automatically converting flow cytometry data from arbitrary to calibrated units},
  author={Castillo-Hair, Sebastian M and Sexton, John T and Landry, Brian P and Olson, Evan J and Igoshin, Oleg A and Tabor, Jeffrey J},
  journal={ACS Synthetic Biology},
  volume={5},
  number={7},
  pages={774--780},
  year={2016},
  publisher={ACS Publications}
}
%%%%%%%%%%%%%%%%%%%%%%%%%%%%%%%%%%%%%%%%%%%%%%%%%%%%%%%%
%PHYS, TIME POINTS AND TOGGLE SWITCH
%%%%%%%%%%%%%%%%%%%%%%%%%%%%%%%%%%%%%%%%%%%%%%%%%%%%%%%%

@book{boyd2004convex,
  title={Convex optimization},
  author={Boyd, Stephen and Vandenberghe, Lieven},
  year={2004},
  publisher={Cambridge university press}
}

@misc{grant2008cvx,
  author       = {Michael Grant and Stephen Boyd},
  title        = {{CVX}: Matlab Software for Disciplined Convex Programming, version 2.1},
  howpublished = {\url{http://cvxr.com/cvx}},
  month        = mar,
  year         = 2014
}

@article{de2010experimental,
  title={Experimental and computational validation of models of fluorescent and luminescent reporter genes in bacteria},
  author={De Jong, Hidde and Ranquet, Caroline and Ropers, Delphine and Pinel, Corinne and Geiselmann, Johannes},
  journal={BMC systems biology},
  volume={4},
  number={1},
  pages={55},
  year={2010},
  publisher={BioMed Central}
}

@article{hortsch2018characterization,
  title={Characterization of noise in multistable genetic circuits reveals ways to modulate heterogeneity},
  author={Hortsch, Sayuri Katharina and Kremling, Andreas},
  journal={PloS one},
  volume={13},
  number={3},
  pages={e0194779},
  year={2018},
  publisher={Public Library of Science}
}
@article{gillespie1977exact,
  title={Exact stochastic simulation of coupled chemical reactions},
  author={Gillespie, Daniel T},
  journal={The Journal of Physical Chemistry},
  volume={81},
  number={25},
  pages={2340--2361},
  year={1977},
  publisher={ACS Publications}
}
@article{wachter2006implementation,
  title={On the implementation of an interior-point filter line-search algorithm for large-scale nonlinear programming},
  author={W{\"a}chter, Andreas and Biegler, Lorenz T},
  journal={Mathematical Programming},
  volume={106},
  number={1},
  pages={25--57},
  year={2006},
  publisher={Springer}
}
@misc{hds,
  author       = {Ferenc Mechler and John Hartigan and Pamela Hartigan},
  title        = {{MATLAB} Code for {H}artigan's Dip Statistic},
  howpublished = {\url{http://www.nicprice.net/diptest/}},
  month        = {March},
  year         = 2019
}
@misc{cvx,
  author       = {Michael Grant and Stephen Boyd},
  title        = {{CVX}: Matlab Software for Disciplined Convex Programming, version 2.1},
  howpublished = {\url{http://cvxr.com/cvx}},
  month        = {March},
  year         = 2019
}
@incollection{gb08,
  author    = {Michael Grant and Stephen Boyd},
  title     = {Graph implementations for nonsmooth convex programs},
  booktitle = {Recent Advances in Learning and Control},
  series    = {Lecture Notes in Control and Information Sciences},
  editor    = {V. Blondel and S. Boyd and H. Kimura},
  publisher = {Springer-Verlag Limited},
  pages     = {95--110},
  year      = 2008,
  note      = {\url{http://stanford.edu/~boyd/graph_dcp.html}}
}
@book{atkinson1992optimum,
  title={Optimum Experimental Designs},
  author={Atkinson, Anthony and Donev, Alexander},
  year={1992},
  publisher={Oxford University Press}
}
@Article{Andersson2018,
  Author = {Joel A E Andersson and Joris Gillis and Greg Horn
            and James B Rawlings and Moritz Diehl},
  Title = {{CasADi} -- {A} software framework for nonlinear optimization
           and optimal control},
  Journal = {Mathematical Programming Computation (In Press)},
  Year = {2018},
}
@book{pronzato2013design,
  title={Design of experiments in nonlinear models},
  author={Pronzato, Luc and P{\'a}zman, Andrej},
  year={2013},
  publisher={Springer}
}
@article{hartigan1985dip,
  title={The dip test of unimodality},
  author={Hartigan, John A and Hartigan, Pamela M and others},
  journal={The Annals of Statistics},
  volume={13},
  number={1},
  pages={70--84},
  year={1985},
  publisher={Institute of Mathematical Statistics}
}
@article{tomioka2004multivariate,
  title={Multivariate analysis of noise in genetic regulatory networks},
  author={Tomioka, Ryota and Kimura, Hidenori and Kobayashi, Tetsuya J and Aihara, Kazuyuki},
  journal={Journal of Theoretical Biology},
  volume={229},
  number={4},
  pages={501--521},
  year={2004},
  publisher={Elsevier}
}
@book{van1992stochastic,
  title={Stochastic processes in physics and chemistry},
  author={Van Kampen, Nicolaas Godfried},
  year={1992},
  publisher={Elsevier}
}
@article{del2016control,
  title={Control theory meets synthetic biology},
  author={Del Vecchio, Domitilla and Dy, Aaron J and Qian, Yili},
  journal={Journal of The Royal Society Interface},
  volume={13},
  number={120},
  pages={20160380},
  year={2016},
  publisher={The Royal Society}
}
@article{berglund2011kramers,
  title={Kramers' law: Validity, derivations and generalisations},
  author={Berglund, Nils},
  journal={arXiv preprint arXiv:1106.5799},
  year={2011}
}
@article{ford1989recent,
  title={Recent advances in nonlinear experimental design},
  author={Ford, Ian and Titterington, DM and Kitsos, Christos P},
  journal={Technometrics},
  volume={31},
  number={1},
  pages={49--60x},
  year={1989},
  publisher={Taylor \& Francis Group}
}
@article{fedorov2010optimal,
  title={Optimal experimental design},
  author={Fedorov, Valerii},
  journal={Wiley Interdisciplinary Reviews: Computational Statistics},
  volume={2},
  number={5},
  pages={581--589},
  year={2010},
  publisher={Wiley Online Library}
}
@article{pronzato2008optimal,
  title={Optimal experimental design and some related control problems},
  author={Pronzato, Luc},
  journal={Automatica},
  volume={44},
  number={2},
  pages={303--325},
  year={2008},
  publisher={Elsevier}
}
@article{otero2014method,
  title={A method for inverse bifurcation of biochemical switches: inferring parameters from dose response curves},
  author={Otero-Muras, Irene and Yordanov, Pencho and Stelling, Joerg},
  journal={BMC Systems Biology},
  volume={8},
  number={1},
  pages={114},
  year={2014},
  publisher={BioMed Central}
}
@incollection{atkinson2001some,
  title={Some history leading to design criteria for Bayesian prediction},
  author={Atkinson, Anthony C and Fedorov, VV},
  booktitle={Optimum Design 2000},
  pages={3--14},
  year={2001},
  publisher={Springer}
}

@Article{Freeman2013,
author="Freeman, Jonathan B.
and Dale, Rick",
title="Assessing bimodality to detect the presence of a dual cognitive process",
journal="Behavior Research Methods",
year="2013",
month="Mar",
day="01",
volume="45",
number="1",
pages="83--97",
issn="1554-3528",
}
@article{brewster2014transcription,
  title={The transcription factor titration effect dictates level of gene expression},
  author={Brewster, Robert C and Weinert, Franz M and Garcia, Hernan G and Song, Dan and Rydenfelt, Mattias and Phillips, Rob},
  journal={Cell},
  volume={156},
  number={6},
  pages={1312--1323},
  year={2014},
  publisher={Elsevier}
}
@article{burton1956study,
  title={A study of the conditions and mechanism of the diphenylamine reaction for the colorimetric estimation of deoxyribonucleic acid},
  author={Burton, Kenneth},
  journal={Biochemical journal},
  volume={62},
  number={2},
  pages={315},
  year={1956},
  publisher={Portland Press Ltd}
}
@article{bipatnath1998initiation,
  title={Initiation and velocity of chromosome replication in \textit{Escherichia coli} {B}/r and {K}-12},
  author={Bipatnath, Meeshel and Dennis, Patrick P and Bremer, Hans},
  journal={Journal of bacteriology},
  volume={180},
  number={2},
  pages={265--273},
  year={1998},
  publisher={Am Soc Microbiol}
}
@article{reue1998mrna,
  title={m{RNA} quantitation techniques: considerations for experimental design and application},
  author={Reue, Karen},
  journal={The journal of nutrition},
  volume={128},
  number={11},
  pages={2038--2044},
  year={1998},
  publisher={Oxford University Press}
}
@article{nordgaard2006error,
  title={Error propagation in relative real-time reverse transcription polymerase chain reaction quantification models: the balance between accuracy and precision},
  author={Nordg{\aa}rd, Oddmund and Kval{\o}y, Jan Terje and Farmen, Ragne Kristin and Heikkil{\"a}, Reino},
  journal={Analytical biochemistry},
  volume={356},
  number={2},
  pages={182--193},
  year={2006},
  publisher={Elsevier}
}
@article{tichopad2009design,
  title={Design and optimization of reverse-transcription quantitative {PCR} experiments},
  author={Tichopad, Ales and Kitchen, Rob and Riedmaier, Irmgard and Becker, Christiane and St{\aa}hlberg, Anders and Kubista, Mikael},
  journal={Clinical chemistry},
  volume={55},
  number={10},
  pages={1816--1823},
  year={2009},
  publisher={Clinical Chemistry}
}
@article{sanders2014considerations,
  title={Considerations for accurate gene expression measurement by reverse transcription quantitative {PCR} when analysing clinical samples},
  author={Sanders, Rebecca and Mason, Deborah J and Foy, Carole A and Huggett, Jim F},
  journal={Analytical and bioanalytical chemistry},
  volume={406},
  number={26},
  pages={6471--6483},
  year={2014},
  publisher={Springer}
}
@article{block2012regulatory,
  title={Regulatory consequences of gene translocation in bacteria},
  author={Block, Dena HS and Hussein, Razika and Liang, Lusha W and Lim, Han N},
  journal={Nucleic acids research},
  volume={40},
  number={18},
  pages={8979--8992},
  year={2012},
  publisher={Oxford University Press}
}
@article{bustin2013analysis,
  title={Analysis of m{RNA} expression by real-time {PCR}},
  author={Bustin, Stephen A and Nolan, Tania},
  journal={Real-time {PCR}: advanced technologies and applications. Caister Academic Press, Norfolk, United Kingdom},
  pages={51--88},
  year={2013}
}
@article{wong2005real,
  title={Real-time {PCR} for m{RNA} quantitation},
  author={Wong, Marisa L and Medrano, Juan F},
  journal={Biotechniques},
  volume={39},
  number={1},
  pages={75--85},
  year={2005},
  publisher={Future Science}
}
@article{sauer2016effect,
  title={Effect of genome position on heterologous gene expression in \textit{Bacillus subtilis}: an unbiased analysis},
  author={Sauer, Christopher and Syvertsson, Simon and Bohorquez, Laura C and Cruz, Rita and Harwood, Colin R and van Rij, Tjeerd and Hamoen, Leendert W},
  journal={ACS synthetic biology},
  volume={5},
  number={9},
  pages={942--947},
  year={2016},
  publisher={ACS Publications}
}
@article{bryant2014chromosome,
  title={Chromosome position effects on gene expression in \textit{Escherichia coli} {K}-12},
  author={Bryant, Jack A and Sellars, Laura E and Busby, Stephen JW and Lee, David J},
  journal={Nucleic acids research},
  volume={42},
  number={18},
  pages={11383--11392},
  year={2014},
  publisher={Oxford University Press}
}
@article{gorochowski2017genetic,
  title={Genetic circuit characterization and debugging using {RNA}-seq},
  author={Gorochowski, Thomas E and Borujeni, Amin Espah and Park, Yongjin and Nielsen, Alec AK and Zhang, Jing and Der, Bryan S and Gordon, D Benjamin and Voigt, Christopher A},
  journal={Molecular Systems Biology},
  volume={13},
  number={11},
  pages={952},
  year={2017},
  publisher={EMBO Press}
}
@article{beal2017biochemical,
  title={Biochemical complexity drives log-normal variation in genetic expression},
  author={Beal, Jacob},
  journal={Engineering Biology},
  volume={1},
  number={1},
  pages={55--60},
  year={2017},
  publisher={IET}
}

@article{beal2015bridging,
  title={Bridging the gap: a roadmap to breaking the biological design barrier},
  author={Beal, Jacob},
  journal={Frontiers in Bioengineering and Biotechnology},
  volume={2},
  pages={87},
  year={2015},
  publisher={Frontiers}
}
@article{hodgman2012cell,
  title={Cell-free synthetic biology: thinking outside the cell},
  author={Hodgman, C Eric and Jewett, Michael C},
  journal={Metabolic Engineering},
  volume={14},
  number={3},
  pages={261--269},
  year={2012},
  publisher={Elsevier}
}
@article{appleton2017needs,
  title={Needs and opportunities in bio-design automation: four areas for focus},
  author={Appleton, Evan and Densmore, Douglas and Madsen, Curtis and Roehner, Nicholas},
  journal={Current Opinion in Chemical Biology},
  volume={40},
  pages={111--118},
  year={2017},
  publisher={Elsevier}
}
@article{clancy2010programming,
  title={Programming cells: towards an automated ‘Genetic Compiler’},
  author={Clancy, Kevin and Voigt, Christopher A},
  journal={Current Opinion in Biotechnology},
  volume={21},
  number={4},
  pages={572--581},
  year={2010},
  publisher={Elsevier}
}

@article{lux2012genetic,
  title={Genetic design automation: engineering fantasy or scientific renewal?},
  author={Lux, Matthew W and Bramlett, Brian W and Ball, David A and Peccoud, Jean},
  journal={Trends in Biotechnology},
  volume={30},
  number={2},
  pages={120--126},
  year={2012},
  publisher={Elsevier}
}
@article{densmore2012design,
  title={Design automation for synthetic biological systems},
  author={Densmore, Douglas and Hassoun, Soha},
  journal={IEEE Design \& Test of Computers},
  volume={29},
  number={3},
  pages={7--20},
  year={2012},
  publisher={IEEE}
}

@article{appleton2017design,
  title={Design automation in synthetic biology},
  author={Appleton, Evan and Madsen, Curtis and Roehner, Nicholas and Densmore, Douglas},
  journal={Cold Spring Harbor Perspectives in Biology},
  pages={a023978},
  year={2017},
  publisher={Cold Spring Harbor Lab}
}
@article{brophy2014principles,
  title={Principles of genetic circuit design},
  author={Brophy, Jennifer AN and Voigt, Christopher A},
  journal={Nature Methods},
  volume={11},
  number={5},
  pages={508},
  year={2014},
  publisher={Nature Publishing Group}
}
@article{guiziou2018automated,
  title={An Automated Design Framework for Multicellular Recombinase Logic},
  author={Guiziou, Sarah and Ulliana, Federico and Moreau, Violaine and Leclere, Michel and Bonnet, Jerome},
  journal={ACS Synthetic Biology},
  volume={7},
  number={5},
  pages={1406--1412},
  year={2018},
  publisher={ACS Publications}
}
@article{marchisio2011automatic,
  title={Automatic design of digital synthetic gene circuits},
  author={Marchisio, Mario A and Stelling, J{\"o}rg},
  journal={PLoS Computational Biology},
  volume={7},
  number={2},
  pages={e1001083},
  year={2011},
  publisher={Public Library of Science}
}
@article{beal2011automatic,
  title={Automatic compilation from high-level biologically-oriented programming language to genetic regulatory networks},
  author={Beal, Jacob and Lu, Ting and Weiss, Ron},
  journal={PloS One},
  volume={6},
  number={8},
  pages={e22490},
  year={2011},
  publisher={Public Library of Science}
}
@article{bilitchenko2011eugene,
  title={Eugene--a domain specific language for specifying and constraining synthetic biological parts, devices, and systems},
  author={Bilitchenko, Lesia and Liu, Adam and Cheung, Sherine and Weeding, Emma and Xia, Bing and Leguia, Mariana and Anderson, J Christopher and Densmore, Douglas},
  journal={PloS One},
  volume={6},
  number={4},
  pages={e18882},
  year={2011},
  publisher={Public Library of Science}
}
@article{chandran2009tinkercell,
  title={TinkerCell: modular CAD tool for synthetic biology},
  author={Chandran, Deepak and Bergmann, Frank T and Sauro, Herbert M},
  journal={Journal of Biological Engineering},
  volume={3},
  number={1},
  pages={19},
  year={2009},
  publisher={BioMed Central}
}
@article{myers2009ibiosim,
  title={iBioSim: a tool for the analysis and design of genetic circuits.},
  author={Myers, Chris J and Barker, Nathan A and Jones, Kevin R and Kuwahara, Hiroyuki and Madsen, Curtis and Nguyen, Nam-Phuong D},
  journal={Bioinformatics},
  volume={25},
  number={21},
  pages={2848--2849},
  year={2009}
}
@article{pedersen2009towards,
  title={Towards programming languages for genetic engineering of living cells},
  author={Pedersen, Michael and Phillips, Andrew},
  journal={Journal of the Royal Society Interface},
  pages={rsif--2008},
  year={2009},
  publisher={The Royal Society}
}
@article{marchisio2008computational,
  title={Computational design of synthetic gene circuits with composable parts},
  author={Marchisio, Mario A and Stelling, J{\"o}rg},
  journal={Bioinformatics},
  volume={24},
  number={17},
  pages={1903--1910},
  year={2008},
  publisher={Oxford University Press}
}
@article{rodrigo2012autobiocad,
  title={AutoBioCAD: full biodesign automation of genetic circuits},
  author={Rodrigo, Guillermo and Jaramillo, Alfonso},
  journal={ACS Synthetic Biology},
  volume={2},
  number={5},
  pages={230--236},
  year={2012},
  publisher={ACS Publications}
}
@article{otero2016synbadm,
  title={SYNBADm: a tool for optimization-based automated design of synthetic gene circuits},
  author={Otero-Muras, Irene and Henriques, David and Banga, Julio R},
  journal={Bioinformatics},
  volume={32},
  number={21},
  pages={3360--3362},
  year={2016},
  publisher={Oxford University Press}
}
@article{madec2016geneda,
  title={GeNeDA: An Open-Source Workflow for Design Automation of Gene Regulatory Networks Inspired from Microelectronics},
  author={Madec, Morgan and Pecheux, Francois and Gendrault, Yves and Rosati, Elise and Lallement, Christophe and Haiech, Jacques},
  journal={Journal of Computational Biology},
  volume={23},
  number={10},
  pages={841--855},
  year={2016},
  publisher={Mary Ann Liebert, Inc. 140 Huguenot Street, 3rd Floor New Rochelle, NY 10801 USA}
}

@article{yaman2012automated,
  title={Automated selection of synthetic biology parts for genetic regulatory networks},
  author={Yaman, Fusun and Bhatia, Swapnil and Adler, Aaron and Densmore, Douglas and Beal, Jacob},
  journal={ACS Synthetic Biology},
  volume={1},
  number={8},
  pages={332--344},
  year={2012},
  publisher={ACS Publications}
}
@article{beal2012end,
  title={An end-to-end workflow for engineering of biological networks from high-level specifications},
  author={Beal, Jacob and Weiss, Ron and Densmore, Douglas and Adler, Aaron and Appleton, Evan and Babb, Jonathan and Bhatia, Swapnil and Davidsohn, Noah and Haddock, Traci and Loyall, Joseph and others},
  journal={ACS Synthetic Biology},
  volume={1},
  number={8},
  pages={317--331},
  year={2012},
  publisher={ACS Publications}
}
@article{rodrigo2008desharky,
  title={DESHARKY: automatic design of metabolic pathways for optimal cell growth},
  author={Rodrigo, Guillermo and Carrera, Javier and Prather, Kristala Jones and Jaramillo, Alfonso},
  journal={Bioinformatics},
  volume={24},
  number={21},
  pages={2554--2556},
  year={2008},
  publisher={Oxford University Press}
}
@article{rialle2010bionetcad,
  title={BioNetCAD: design, simulation and experimental validation of synthetic biochemical networks},
  author={Rialle, St{\'e}phanie and Felicori, Liza and Dias-Lopes, Camila and P{\'e}r{\`e}s, Sabine and El Atia, Sana{\^a} and Thierry, Alain R and Amar, Patrick and Molina, Franck},
  journal={Bioinformatics},
  volume={26},
  number={18},
  pages={2298--2304},
  year={2010},
  publisher={Oxford University Press}
}
@article{dasika2008optcircuit,
  title={OptCircuit: an optimization based method for computational design of genetic circuits},
  author={Dasika, Madhukar S and Maranas, Costas D},
  journal={BMC Systems Biology},
  volume={2},
  number={1},
  pages={24},
  year={2008},
  publisher={BioMed Central}
}
@article{huynh2014optimal,
  title={Optimal part and module selection for synthetic gene circuit design automation},
  author={Huynh, Linh and Tagkopoulos, Ilias},
  journal={ACS Synthetic Biology},
  volume={3},
  number={8},
  pages={556--564},
  year={2014},
  publisher={ACS Publications}
}
@article{huynh2015fast,
  title={Fast and accurate circuit design automation through hierarchical model switching},
  author={Huynh, Linh and Tagkopoulos, Ilias},
  journal={ACS Synthetic Biology},
  volume={4},
  number={8},
  pages={890--897},
  year={2015},
  publisher={ACS Publications}
}
@article{huynh2013sbrome,
  title={SBROME: a scalable optimization and module matching framework for automated biosystems design},
  author={Huynh, Linh and Tsoukalas, Athanasios and K{\"o}ppe, Matthias and Tagkopoulos, Ilias},
  journal={ACS Synthetic Biology},
  volume={2},
  number={5},
  pages={263--273},
  year={2013},
  publisher={ACS Publications}
}
@article{huynh2012automatic,
  title={Automatic design of synthetic gene circuits through mixed integer non-linear programming},
  author={Huynh, Linh and Kececioglu, John and K{\"o}ppe, Matthias and Tagkopoulos, Ilias},
  journal={PloS One},
  volume={7},
  number={4},
  pages={e35529},
  year={2012},
  publisher={Public Library of Science}
}

@article{lou2012ribozyme,
  title={Ribozyme-based insulator parts buffer synthetic circuits from genetic context},
  author={Lou, Chunbo and Stanton, Brynne and Chen, Ying-Ja and Munsky, Brian and Voigt, Christopher A},
  journal={Nature Biotechnology},
  volume={30},
  number={11},
  pages={1137},
  year={2012},
  publisher={Nature Publishing Group}
}
@article{chen2013characterization,
  title={Characterization of 582 natural and synthetic terminators and quantification of their design constraints},
  author={Chen, Ying-Ja and Liu, Peng and Nielsen, Alec AK and Brophy, Jennifer AN and Clancy, Kevin and Peterson, Todd and Voigt, Christopher A},
  journal={Nature Methods},
  volume={10},
  number={7},
  pages={659},
  year={2013},
  publisher={Nature Publishing Group}
}
@article{stanton2014genomic,
  title={Genomic mining of prokaryotic repressors for orthogonal logic gates},
  author={Stanton, Brynne C and Nielsen, Alec AK and Tamsir, Alvin and Clancy, Kevin and Peterson, Todd and Voigt, Christopher A},
  journal={Nature Chemical Biology},
  volume={10},
  number={2},
  pages={99},
  year={2014},
  publisher={Nature Publishing Group}
}

@article{lee2016creating,
  title={Creating single-copy genetic circuits},
  author={Lee, Jeong Wook and Gyorgy, Andras and Cameron, D Ewen and Pyenson, Nora and Choi, Kyeong Rok and Way, Jeffrey C and Silver, Pamela A and Del Vecchio, Domitilla and Collins, James J},
  journal={Molecular Cell},
  volume={63},
  number={2},
  pages={329--336},
  year={2016},
  publisher={Elsevier}
}
@article{kelly2009measuring,
  title={Measuring the activity of BioBrick promoters using an in vivo reference standard},
  author={Kelly, Jason R and Rubin, Adam J and Davis, Joseph H and Ajo-Franklin, Caroline M and Cumbers, John and Czar, Michael J and de Mora, Kim and Glieberman, Aaron L and Monie, Dileep D and Endy, Drew},
  journal={Journal of Biological Engineering},
  volume={3},
  number={1},
  pages={4},
  year={2009},
  publisher={BioMed Central}
}
@article{canton2008refinement,
  title={Refinement and standardization of synthetic biological parts and devices},
  author={Canton, Barry and Labno, Anna and Endy, Drew},
  journal={Nature Biotechnology},
  volume={26},
  number={7},
  pages={787},
  year={2008},
  publisher={Nature Publishing Group}
}

@article{krishnanathan2012data,
  title={A data-driven framework for identifying nonlinear dynamic models of genetic parts},
  author={Krishnanathan, Kirubhakaran and Anderson, Sean R and Billings, Stephen A and Kadirkamanathan, Visakan},
  journal={ACS Synthetic Biology},
  volume={1},
  number={8},
  pages={375--384},
  year={2012},
  publisher={ACS Publications}
}
@article{yordanov2014computational,
  title={A computational method for automated characterization of genetic components},
  author={Yordanov, Boyan and Dalchau, Neil and Grant, Paul K and Pedersen, Michael and Emmott, Stephen and Haseloff, Jim and Phillips, Andrew},
  journal={ACS Synthetic Biology},
  volume={3},
  number={8},
  pages={578--588},
  year={2014},
  publisher={ACS Publications}
}
@article{mutalik2013quantitative,
  title={Quantitative estimation of activity and quality for collections of functional genetic elements},
  author={Mutalik, Vivek K and Guimaraes, Joao C and Cambray, Guillaume and Mai, Quynh-Anh and Christoffersen, Marc Juul and Martin, Lance and Yu, Ayumi and Lam, Colin and Rodriguez, Cesar and Bennett, Gaymon and others},
  journal={Nature Methods},
  volume={10},
  number={4},
  pages={347},
  year={2013},
  publisher={Nature Publishing Group}
}
@article{beal2015signal,
  title={Signal-to-noise ratio measures efficacy of biological computing devices and circuits},
  author={Beal, Jacob},
  journal={Frontiers in Bioengineering and Biotechnology},
  volume={3},
  pages={93},
  year={2015},
  publisher={Frontiers}
}
@article{beal2018time,
  title={Time to Get Serious about Measurement in Synthetic Biology},
  author={Beal, Jacob and Haddock-Angelli, Traci and Farny, Natalie and Rettberg, Randy},
  journal={Trends in Biotechnology},
  year={2018},
  publisher={Elsevier}
}

@article{beal2018quantification,
  title={Quantification of bacterial fluorescence using independent calibrants},
  author={Beal, Jacob and Haddock-Angelli, Traci and Baldwin, Geoff and Gershater, Markus and Dwijayanti, Ari and Storch, Marko and de Mora, Kim and Lizarazo, Meagan and Rettberg, Randy and others},
  journal={PloS One},
  volume={13},
  number={6},
  pages={e0199432},
  year={2018},
  publisher={Public Library of Science}
}

@article{braniff2018new,
  title={New Opportunities for Optimal Design of Dynamic Experiments in Systems and Synthetic Biology},
  author={Braniff, Nathan and Ingalls, Brian},
  journal={Current Opinion in Systems Biology},
  year={2018},
  publisher={Elsevier}
}

@article{betts1998survey,
  title={Survey of numerical methods for trajectory optimization},
  author={Betts, John T},
  journal={Journal of Guidance, Control, and Dynamics},
  volume={21},
  number={2},
  pages={193--207},
  year={1998}
}
@article{bauer2000numerical,
  title={Numerical methods for optimum experimental design in DAE systems},
  author={Bauer, Irene and Bock, Hans Georg and K{\"o}rkel, Stefan and Schl{\"o}der, Johannes P},
  journal={Journal of Computational and Applied mathematics},
  volume={120},
  number={1-2},
  pages={1--25},
  year={2000},
  publisher={Elsevier}
}
@incollection{janka2015direct,
  title={Direct multiple shooting for nonlinear optimum experimental design},
  author={Janka, Dennis and K{\"o}rkel, Stefan and Bock, Hans Georg},
  booktitle={Multiple Shooting and Time Domain Decomposition Methods},
  pages={115--141},
  year={2015},
  publisher={Springer}
}

@article{hoang2013simultaneous,
  title={Simultaneous solution approach to model-based experimental design},
  author={Hoang, MD and Barz, T and Merchan, VA and Biegler, LT and Arellano-Garcia, H},
  journal={AIChE Journal},
  volume={59},
  number={11},
  pages={4169--4183},
  year={2013},
  publisher={Wiley Online Library}
}
@article{telen2014robustifying,
  title={Robustifying optimal experiment design for nonlinear, dynamic (bio) chemical systems},
  author={Telen, Dries and Vercammen, Dominique and Logist, Filip and Van Impe, Jan},
  journal={Computers \& Chemical Engineering},
  volume={71},
  pages={415--425},
  year={2014},
  publisher={Elsevier}
}
@article{moon2012genetic,
  title={Genetic programs constructed from layered logic gates in single cells},
  author={Moon, Tae Seok and Lou, Chunbo and Tamsir, Alvin and Stanton, Brynne C and Voigt, Christopher A},
  journal={Nature},
  volume={491},
  number={7423},
  pages={249},
  year={2012},
  publisher={Nature Publishing Group}
}
@article{wang2011engineering,
  title={Engineering modular and orthogonal genetic logic gates for robust digital-like synthetic biology},
  author={Wang, Baojun and Kitney, Richard I and Joly, Nicolas and Buck, Martin},
  journal={Nature Communications},
  volume={2},
  pages={508},
  year={2011},
  publisher={Nature Publishing Group}
}
@article{cox2007programming,
  title={Programming gene expression with combinatorial promoters},
  author={Cox, Robert Sidney and Surette, Michael G and Elowitz, Michael B},
  journal={Molecular Systems Biology},
  volume={3},
  number={1},
  pages={145},
  year={2007},
  publisher={EMBO Press}
}
@article{tamsir2011robust,
  title={Robust multicellular computing using genetically encoded NOR gates and chemical ‘wires’},
  author={Tamsir, Alvin and Tabor, Jeffrey J and Voigt, Christopher A},
  journal={Nature},
  volume={469},
  number={7329},
  pages={212},
  year={2011},
  publisher={Nature Publishing Group}
}

@article{mutalik2012rationally,
  title={Rationally designed families of orthogonal {RNA} regulators of translation},
  author={Mutalik, Vivek K and Qi, Lei and Guimaraes, Joao C and Lucks, Julius B and Arkin, Adam P},
  journal={Nature Chemical Biology},
  volume={8},
  number={5},
  pages={447},
  year={2012},
  publisher={Nature Publishing Group}
}
@article{del2008modular,
  title={Modular cell biology: retroactivity and insulation},
  author={Del Vecchio, Domitilla and Ninfa, Alexander J and Sontag, Eduardo D},
  journal={Molecular Systems Biology},
  volume={4},
  number={1},
  pages={161},
  year={2008},
  publisher={EMBO Press}
}
@article{tan2017dynamic,
  title={Dynamic pathway regulation: recent advances and methods of construction},
  author={Tan, Sue Zanne and Prather, Kristala LJ},
  journal={Current Opinion in Chemical Biology},
  volume={41},
  pages={28--35},
  year={2017},
  publisher={Elsevier}
}
@article{mcnerney2015precision,
  title={Precision metabolic engineering: the design of responsive, selective, and controllable metabolic systems},
  author={McNerney, Monica P and Watstein, Daniel M and Styczynski, Mark P},
  journal={Metabolic Engineering},
  volume={31},
  pages={123--131},
  year={2015},
  publisher={Elsevier}
}
@article{holtz2010engineering,
  title={Engineering static and dynamic control of synthetic pathways},
  author={Holtz, William J and Keasling, Jay D},
  journal={Cell},
  volume={140},
  number={1},
  pages={19--23},
  year={2010},
  publisher={Elsevier}
}
@article{anesiadis2008dynamic,
  title={Dynamic metabolic engineering for increasing bioprocess productivity},
  author={Anesiadis, Nikolaos and Cluett, William R and Mahadevan, Radhakrishnan},
  journal={Metabolic Engineering},
  volume={10},
  number={5},
  pages={255--266},
  year={2008},
  publisher={Elsevier}
}
@article{brockman2015dynamic,
  title={Dynamic metabolic engineering: new strategies for developing responsive cell factories},
  author={Brockman, Irene M and Prather, Kristala LJ},
  journal={Biotechnology Journal},
  volume={10},
  number={9},
  pages={1360--1369},
  year={2015},
  publisher={Wiley Online Library}
}
@article{venayak2015engineering,
  title={Engineering metabolism through dynamic control},
  author={Venayak, Naveen and Anesiadis, Nikolaos and Cluett, William R and Mahadevan, Radhakrishnan},
  journal={Current Opinion in Biotechnology},
  volume={34},
  pages={142--152},
  year={2015},
  publisher={Elsevier}
}
@article{anesiadis2013analysis,
  title={Analysis and design of a genetic circuit for dynamic metabolic engineering},
  author={Anesiadis, Nikolaos and Kobayashi, Hideki and Cluett, William R and Mahadevan, Radhakrishnan},
  journal={ACS Synthetic Biology},
  volume={2},
  number={8},
  pages={442--452},
  year={2013},
  publisher={ACS Publications}
}
@article{klumpp2009growth,
  title={Growth rate-dependent global effects on gene expression in bacteria},
  author={Klumpp, Stefan and Zhang, Zhongge and Hwa, Terence},
  journal={Cell},
  volume={139},
  number={7},
  pages={1366--1375},
  year={2009},
  publisher={Elsevier}
}
@article{cardinale2013effects,
  title={Effects of genetic variation on the \textit{E. coli} host-circuit interface},
  author={Cardinale, Stefano and Joachimiak, Marcin Pawel and Arkin, Adam Paul},
  journal={Cell Reports},
  volume={4},
  number={2},
  pages={231--237},
  year={2013},
  publisher={Elsevier}
}
@article{moser2012genetic,
  title={Genetic circuit performance under conditions relevant for industrial bioreactors},
  author={Moser, Felix and Broers, Nicolette J and Hartmans, Sybe and Tamsir, Alvin and Kerkman, Richard and Roubos, Johannes A and Bovenberg, Roel and Voigt, Christopher A},
  journal={ACS Synthetic Biology},
  volume={1},
  number={11},
  pages={555--564},
  year={2012},
  publisher={ACS Publications}
}
@article{klumpp2014bacterial,
  title={Bacterial growth: global effects on gene expression, growth feedback and proteome partition},
  author={Klumpp, Stefan and Hwa, Terence},
  journal={Current Opinion in Biotechnology},
  volume={28},
  pages={96--102},
  year={2014},
  publisher={Elsevier}
}
@article{borkowski2016overloaded,
  title={Overloaded and stressed: whole-cell considerations for bacterial synthetic biology},
  author={Borkowski, Olivier and Ceroni, Francesca and Stan, Guy-Bart and Ellis, Tom},
  journal={Current Opinion in Microbiology},
  volume={33},
  pages={123--130},
  year={2016},
  publisher={Elsevier}
}
@article{scott2010interdependence,
  title={Interdependence of cell growth and gene expression: origins and consequences},
  author={Scott, Matthew and Gunderson, Carl W and Mateescu, Eduard M and Zhang, Zhongge and Hwa, Terence},
  journal={Science},
  volume={330},
  number={6007},
  pages={1099--1102},
  year={2010},
  publisher={American Association for the Advancement of Science}
}
@article{tan2009emergent,
  title={Emergent bistability by a growth-modulating positive feedback circuit},
  author={Tan, Cheemeng and Marguet, Philippe and You, Lingchong},
  journal={Nature Chemical Biology},
  volume={5},
  number={11},
  pages={842},
  year={2009},
  publisher={Nature Publishing Group}
}
@article{solomon2012dynamic,
  title={A dynamic metabolite valve for the control of central carbon metabolism},
  author={Solomon, Kevin V and Sanders, Tarielle M and Prather, Kristala LJ},
  journal={Metabolic Engineering},
  volume={14},
  number={6},
  pages={661--671},
  year={2012},
  publisher={Elsevier}
}
@article{gyorgy2015isocost,
  title={Isocost lines describe the cellular economy of genetic circuits},
  author={Gyorgy, Andras and Jim{\'e}nez, Jos{\'e} I and Yazbek, John and Huang, Hsin-Ho and Chung, Hattie and Weiss, Ron and Del Vecchio, Domitilla},
  journal={Biophysical Journal},
  volume={109},
  number={3},
  pages={639--646},
  year={2015},
  publisher={Elsevier}
}
@article{qian2017resource,
  title={Resource competition shapes the response of genetic circuits},
  author={Qian, Yili and Huang, Hsin-Ho and Jim{\'e}nez, Jos{\'e} I and Del Vecchio, Domitilla},
  journal={ACS Synthetic Biology},
  volume={6},
  number={7},
  pages={1263--1272},
  year={2017},
  publisher={ACS Publications}
}
@article{schaechter1958dependency,
  title={Dependency on medium and temperature of cell size and chemical composition during balanced growth of Salmonella typhimurium},
  author={Schaechter, Moselio and Maal{\o}e, Ole and Kjeldgaard, Niels O},
  journal={Microbiology},
  volume={19},
  number={3},
  pages={592--606},
  year={1958},
  publisher={Microbiology Society}
}


@article{kjeldgaard1958transition,
  title={The transition between different physiological states during balanced growth of Salmonella typhimurium},
  author={Kjeldgaard, NO and Maal{\o}e, O and Schaechter, Moselio},
  journal={Microbiology},
  volume={19},
  number={3},
  pages={607--616},
  year={1958},
  publisher={Microbiology Society}
}
@article{donachie1968relationship,
  title={Relationship between cell size and time of initiation of {DNA}  replication},
  author={Donachie, William D},
  journal={Nature},
  volume={219},
  number={5158},
  pages={1077},
  year={1968},
  publisher={Nature Publishing Group}
}
@article{cooper1968chromosome,
  title={Chromosome replication and the division cycle of \textit{Escherichia coli} {B}r},
  author={Cooper, Stephen and Helmstetter, Charles E},
  journal={Journal of Molecular Biology},
  volume={31},
  number={3},
  pages={519--540},
  year={1968},
  publisher={Elsevier}
}
@article{neidhardt1960studies,
  title={Studies on the role of ribonucleic acid in the growth of bacteria},
  author={Neidhardt, Frederick C and Magasanik, Boris},
  journal={Biochimica et Biophysica Acta},
  volume={42},
  pages={99--116},
  year={1960},
  publisher={Elsevier}
}
@article{basan2015inflating,
  title={Inflating bacterial cells by increased protein synthesis},
  author={Basan, Markus and Zhu, Manlu and Dai, Xiongfeng and Warren, Mya and S{\'e}vin, Daniel and Wang, Yi-Ping and Hwa, Terence},
  journal={Molecular Systems Biology},
  volume={11},
  number={10},
  pages={836},
  year={2015},
  publisher={EMBO Press}
}
@article{dai2017reduction,
  title={Reduction of translating ribosomes enables \textit{Escherichia coli} to maintain elongation rates during slow growth},
  author={Dai, Xiongfeng and Zhu, Manlu and Warren, Mya and Balakrishnan, Rohan and Patsalo, Vadim and Okano, Hiroyuki and Williamson, James R and Fredrick, Kurt and Wang, Yi-Ping and Hwa, Terence},
  journal={Nature Microbiology},
  volume={2},
  number={2},
  pages={16231},
  year={2017},
  publisher={Nature Publishing Group}
}
@article{bakshi2013partitioning,
  title={Partitioning of {RNA} polymerase activity in live \textit{Escherichia coli} from analysis of single-molecule diffusive trajectories},
  author={Bakshi, Somenath and Dalrymple, Ren{\'e}e M and Li, Wenting and Choi, Heejun and Weisshaar, James C},
  journal={Biophysical Journal},
  volume={105},
  number={12},
  pages={2676--2686},
  year={2013},
  publisher={Elsevier}
}
@article{stracy2015live,
  title={Live-cell superresolution microscopy reveals the organization of {RNA} polymerase in the bacterial nucleoid},
  author={Stracy, Mathew and Lesterlin, Christian and De Leon, Federico Garza and Uphoff, Stephan and Zawadzki, Pawel and Kapanidis, Achillefs N},
  journal={Proceedings of the National Academy of Sciences},
  volume={112},
  number={32},
  pages={E4390--E4399},
  year={2015},
  publisher={National Acad Sciences}
}
@article{liang1999decay,
  title={Decay of rpl{N} and lac{Z} m{RNA} in \textit{Escherichia coli}},
  author={Liang, S-T and Ehrenberg, M and Dennis, P and Bremer, H},
  journal={Journal of Molecular Biology},
  volume={288},
  number={4},
  pages={521--538},
  year={1999},
  publisher={Elsevier}
}
@article{liang2000mrna,
  title={m{RNA} composition and control of bacterial gene expression},
  author={Liang, S-T and Xu, Y-C and Dennis, P and Bremer, Hans},
  journal={Journal of Bacteriology},
  volume={182},
  number={11},
  pages={3037--3044},
  year={2000},
  publisher={Am Soc Microbiol}
}
@article{klumpp2008growth,
  title={Growth-rate-dependent partitioning of {RNA} polymerases in bacteria},
  author={Klumpp, Stefan and Hwa, Terence},
  journal={Proceedings of the National Academy of Sciences},
  volume={105},
  number={51},
  pages={20245--20250},
  year={2008},
  publisher={National Acad Sciences}
}
@article{bremer2003free,
  title={Free {RNA} polymerase and modeling global transcription in \textit{Escherichia coli}},
  author={Bremer, H and Dennis, P and Ehrenberg, M},
  journal={Biochimie},
  volume={85},
  number={6},
  pages={597--609},
  year={2003},
  publisher={Elsevier}
}
@article{patrick2015free,
  title={Free {RNA} polymerase in \textit{Escherichia coli}},
  author={Patrick, Michael and Dennis, Patrick P and Ehrenberg, Mans and Bremer, Hans},
  journal={Biochimie},
  volume={119},
  pages={80--91},
  year={2015},
  publisher={Elsevier}
}
@article{kubitschek1984independence,
  title={Independence of buoyant cell density and growth rate in \textit{Escherichia coli}.},
  author={Kubitschek, Herbert E and Baldwin, William W and Schroeter, Sally J and Graetzer, Rheinhard},
  journal={Journal of Bacteriology},
  volume={158},
  number={1},
  pages={296--299},
  year={1984},
  publisher={Am Soc Microbiol}
}
@article{si2017invariance,
  title={Invariance of initiation mass and predictability of cell size in \textit{Escherichia coli}},
  author={Si, Fangwei and Li, Dongyang and Cox, Sarah E and Sauls, John T and Azizi, Omid and Sou, Cindy and Schwartz, Amy B and Erickstad, Michael J and Jun, Yonggun and Li, Xintian and others},
  journal={Current Biology},
  volume={27},
  number={9},
  pages={1278--1287},
  year={2017},
  publisher={Elsevier}
}
@article{bremer2008modulation,
  title={Modulation of Chemical Composition and Other Parameters of the Cell at Different Exponential Growth Rates.},
  author={Bremer, H and Dennis, PP},
  journal={EcoSal Plus},
  volume={3},
  number={1},
  year={2008}
}
@article{weisse2015mechanistic,
  title={Mechanistic links between cellular trade-offs, gene expression, and growth},
  author={Wei{\ss}e, Andrea Y and Oyarz{\'u}n, Diego A and Danos, Vincent and Swain, Peter S},
  journal={Proceedings of the National Academy of Sciences},
  pages={201416533},
  year={2015},
  publisher={National Acad Sciences}
}
@article{liu2018dynamic,
  title={Dynamic metabolic control: towards precision engineering of metabolism},
  author={Liu, Di and Mannan, Ahmad A and Han, Yichao and Oyarz{\'u}n, Diego A and Zhang, Fuzhong},
  journal={Journal of Industrial Microbiology \& Biotechnology},
  pages={1--9},
  year={2018},
  publisher={Springer}
}
@article{liao2017integrative,
  title={An integrative circuit--host modelling framework for predicting synthetic gene network behaviours},
  author={Liao, Chen and Blanchard, Andrew E and Lu, Ting},
  journal={Nature Microbiology},
  volume={2},
  number={12},
  pages={1658},
  year={2017},
  publisher={Nature Publishing Group}
}
@article{mahadevan2002dynamic,
  title={Dynamic flux balance analysis of diauxic growth in \textit{Escherichia coli}},
  author={Mahadevan, Radhakrishnan and Edwards, Jeremy S and Doyle III, Francis J},
  journal={Biophysical Journal},
  volume={83},
  number={3},
  pages={1331--1340},
  year={2002},
  publisher={Elsevier}
}
@article{klamt2018two,
  title={When Do Two-Stage Processes Outperform One-Stage Processes?},
  author={Klamt, Steffen and Mahadevan, Radhakrishnan and H{\"a}dicke, Oliver},
  journal={Biotechnology Journal},
  volume={13},
  number={2},
  pages={1700539},
  year={2018},
  publisher={Wiley Online Library}
}
@article{soma2014metabolic,
  title={Metabolic flux redirection from a central metabolic pathway toward a synthetic pathway using a metabolic toggle switch},
  author={Soma, Yuki and Tsuruno, Keigo and Wada, Masaru and Yokota, Atsushi and Hanai, Taizo},
  journal={Metabolic Engineering},
  volume={23},
  pages={175--184},
  year={2014},
  publisher={Elsevier}
}
@article{soma2015self,
  title={Self-induced metabolic state switching by a tunable cell density sensor for microbial isopropanol production},
  author={Soma, Yuki and Hanai, Taizo},
  journal={Metabolic Engineering},
  volume={30},
  pages={7--15},
  year={2015},
  publisher={Elsevier}
}
@article{tsuruno2015enhancement,
  title={Enhancement of 3-hydroxypropionic acid production from glycerol by using a metabolic toggle switch},
  author={Tsuruno, Keigo and Honjo, Hiroshi and Hanai, Taizo},
  journal={Microbial Cell Factories},
  volume={14},
  number={1},
  pages={155},
  year={2015},
  publisher={BioMed Central}
}
@article{soma2017synthetic,
  title={Synthetic metabolic bypass for a metabolic toggle switch enhances acetyl-CoA supply for isopropanol production by \textit{Escherichia coli}},
  author={Soma, Yuki and Yamaji, Taiki and Matsuda, Fumio and Hanai, Taizo},
  journal={Journal of Bioscience and Bioengineering},
  volume={123},
  number={5},
  pages={625--633},
  year={2017},
  publisher={Elsevier}
}
@article{brockman2015dynamic,
  title={Dynamic knockdown of \textit{E. coli} central metabolism for redirecting fluxes of primary metabolites},
  author={Brockman, Irene M and Prather, Kristala LJ},
  journal={Metabolic Engineering},
  volume={28},
  pages={104--113},
  year={2015},
  publisher={Elsevier}
}
@article{gupta2017dynamic,
  title={Dynamic regulation of metabolic flux in engineered bacteria using a pathway-independent quorum-sensing circuit},
  author={Gupta, Apoorv and Reizman, Irene M Brockman and Reisch, Christopher R and Prather, Kristala LJ},
  journal={Nature Biotechnology},
  volume={35},
  number={3},
  pages={273},
  year={2017},
  publisher={Nature Publishing Group}
}
@article{rydenfelt2014statistical,
  title={Statistical mechanical model of coupled transcription from multiple promoters due to transcription factor titration},
  author={Rydenfelt, Mattias and Cox III, Robert Sidney and Garcia, Hernan and Phillips, Rob},
  journal={Physical Review E},
  volume={89},
  number={1},
  pages={012702},
  year={2014},
  publisher={APS}
}
@article{michelsen2003precise,
  title={Precise determinations of C and D periods by flow cytometry in \textit{Escherichia coli} K-12 and B/r},
  author={Michelsen, Ole and De Mattos, M Joost Teixeira and Jensen, Peter Ruhdal and Hansen, Flemming G},
  journal={Microbiology},
  volume={149},
  number={4},
  pages={1001--1010},
  year={2003},
  publisher={Microbiology Society}
}
@article{bremer1977examination,
  title={An examination of the Cooper-Helmstetter theory of {DNA}  replication in bacteria and its underlying assumptions},
  author={Bremer, H and Churchward, G},
  journal={Journal of Theoretical Biology},
  volume={69},
  number={4},
  pages={645--654},
  year={1977},
  publisher={Elsevier}
}
@article{bintu2005transcriptional,
  title={Transcriptional regulation by the numbers: models},
  author={Bintu, Lacramioara and Buchler, Nicolas E and Garcia, Hernan G and Gerland, Ulrich and Hwa, Terence and Kondev, Jan{\'e} and Phillips, Rob},
  journal={Current Opinion in Genetics \& Development},
  volume={15},
  number={2},
  pages={116--124},
  year={2005},
  publisher={Elsevier}
}
@article{iwakura1975biosynthesis,
  title={Biosynthesis of {RNA} polymerase in \textit{Escherichia coli}. II. control of {RNA} polymerase synthesis during nutritional shift up and down.},
  author={Iwakura, Y and Ishihama, A},
  journal={Molecular \& General Genetics: MGG},
  volume={142},
  number={1},
  pages={67--84},
  year={1975}
}
@article{matzura1973biosynthesis,
  title={Biosynthesis of the $\beta$ and $\beta$′ subunits of {RNA} polymerase in \textit{Escherichia coli}},
  author={Matzura, H and Hansen, BS and Zeuthen, J},
  journal={Journal of Molecular Biology},
  volume={74},
  number={1},
  pages={9--20},
  year={1973},
  publisher={Elsevier}
}
@article{shepherd1980synthesis,
  title={Synthesis and activity of ribonucleic acid polymerase in \textit{Escherichia coli}.},
  author={Shepherd, NS and Churchward, G and Bremer, H},
  journal={Journal of Bacteriology},
  volume={141},
  number={3},
  pages={1098--1108},
  year={1980},
  publisher={Am Soc Microbiol}
}

@article{thomason2014recombineering,
  title={Recombineering: genetic engineering in bacteria using homologous recombination},
  author={Thomason, Lynn C and Sawitzke, James A and Li, Xintian and Costantino, Nina and Court, Donald L},
  journal={Current Protocols in Molecular Biology},
  volume={106},
  number={1},
  pages={1--16},
  year={2014},
  publisher={Wiley Online Library}
}
@article{albersmeyer2010lifted,
  title={The lifted Newton method and its application in optimization},
  author={Albersmeyer, Jan and Diehl, Moritz},
  journal={SIAM Journal on Optimization},
  volume={20},
  number={3},
  pages={1655--1684},
  year={2010},
  publisher={SIAM}
}
@article{laalami2014initiation,
  title={Initiation of m{RNA} decay in bacteria},
  author={Laalami, Soumaya and Zig, L{\'e}na and Putzer, Harald},
  journal={Cellular and Molecular Life Sciences},
  volume={71},
  number={10},
  pages={1799--1828},
  year={2014},
  publisher={Springer}
}
@article{mackie2013rnase,
  title={RNase E: at the interface of bacterial {RNA} processing and decay},
  author={Mackie, George A},
  journal={Nature Reviews Microbiology},
  volume={11},
  number={1},
  pages={45},
  year={2013},
  publisher={Nature Publishing Group}
}
@article{kennell1977transcription,
  title={Transcription and translation initiation frequencies of the \textit{Escherichia coli} lac operon},
  author={Kennell, David and Riezman, Howard},
  journal={Journal of Molecular Biology},
  volume={114},
  number={1},
  pages={1--21},
  year={1977},
  publisher={Elsevier}
}
@article{borkowski2016translation,
  title={Translation elicits a growth rate-dependent, genome-wide, differential protein production in \textit{Bacillus subtilis}},
  author={Borkowski, Olivier and Goelzer, Anne and Schaffer, Marc and Calabre, Magali and M{\"a}der, Ulrike and Aymerich, St{\'e}phane and Jules, Matthieu and Fromion, Vincent},
  journal={Molecular Systems Biology},
  volume={12},
  number={5},
  pages={870},
  year={2016},
  publisher={EMBO Press}
}

@article{gorochowski2016minimal,
  title={A minimal model of ribosome allocation dynamics captures trade-offs in expression between endogenous and synthetic genes},
  author={Gorochowski, Thomas E and Avcilar-Kucukgoze, Irem and Bovenberg, Roel AL and Roubos, Johannes A and Ignatova, Zoya},
  journal={ACS Synthetic Biology},
  volume={5},
  number={7},
  pages={710--720},
  year={2016},
  publisher={ACS Publications}
}
@article{ceroni2015quantifying,
  title={Quantifying cellular capacity identifies gene expression designs with reduced burden},
  author={Ceroni, Francesca and Algar, Rhys and Stan, Guy-Bart and Ellis, Tom},
  journal={Nature Methods},
  volume={12},
  number={5},
  pages={415},
  year={2015},
  publisher={Nature Publishing Group}
}
@article{you2013coordination,
  title={Coordination of bacterial proteome with metabolism by cyclic AMP signalling},
  author={You, Conghui and Okano, Hiroyuki and Hui, Sheng and Zhang, Zhongge and Kim, Minsu and Gunderson, Carl W and Wang, Yi-Ping and Lenz, Peter and Yan, Dalai and Hwa, Terence},
  journal={Nature},
  volume={500},
  number={7462},
  pages={301},
  year={2013},
  publisher={Nature Publishing Group}
}
@article{hui2015quantitative,
  title={Quantitative proteomic analysis reveals a simple strategy of global resource allocation in bacteria},
  author={Hui, Sheng and Silverman, Josh M and Chen, Stephen S and Erickson, David W and Basan, Markus and Wang, Jilong and Hwa, Terence and Williamson, James R},
  journal={Molecular Systems Biology},
  volume={11},
  number={2},
  pages={784},
  year={2015},
  publisher={EMBO Press}
}
@article{carrera2011empirical,
  title={Empirical model and in vivo characterization of the bacterial response to synthetic gene expression show that ribosome allocation limits growth rate},
  author={Carrera, Javier and Rodrigo, Guillermo and Singh, Vijai and Kirov, Boris and Jaramillo, Alfonso},
  journal={Biotechnology Journal},
  volume={6},
  number={7},
  pages={773--783},
  year={2011},
  publisher={Wiley Online Library}
}
@article{finn2000escherichia,
  title={\textit{Escherichia coli} {RNA} polymerase core and holoenzyme structures},
  author={Finn, Robert D and Orlova, Elena V and Gowen, Brent and Buck, Martin and van Heel, Marin},
  journal={The EMBO Journal},
  volume={19},
  number={24},
  pages={6833--6844},
  year={2000},
  publisher={EMBO Press}
}
@article{phillips2015napoleon,
  title={Napoleon is in equilibrium},
  author={Phillips, Rob},
  journal={Annu. Rev. Condens. Matter Phys.},
  volume={6},
  number={1},
  pages={85--111},
  year={2015},
  publisher={Annual Reviews}
}
@article{heyduk2006consensus,
  title={A consensus adenine at position--11 of the nontemplate strand of bacterial promoter is important for nucleation of promoter melting},
  author={Heyduk, Ewa and Kuznedelov, Konstantin and Severinov, Konstantin and Heyduk, Tomasz},
  journal={Journal of Biological Chemistry},
  volume={281},
  number={18},
  pages={12362--12369},
  year={2006},
  publisher={ASBMB}
}
@article{brunner1987promoter,
  title={Promoter recognition and promoter strength in the \textit{Escherichia coli} system.},
  author={Brunner, Michael and Bujard, Hermann},
  journal={The EMBO Journal},
  volume={6},
  number={10},
  pages={3139--3144},
  year={1987},
  publisher={Wiley Online Library}
}
@article{djordjevic2008formation,
  title={Formation of the open complex by bacterial {RNA} polymerase—a quantitative model},
  author={Djordjevic, Marko and Bundschuh, Ralf},
  journal={Biophysical Journal},
  volume={94},
  number={11},
  pages={4233--4248},
  year={2008},
  publisher={Elsevier}
}
@article{djordjevic2013efficient,
  title={Efficient transcription initiation in bacteria: an interplay of protein--DNA interaction parameters},
  author={Djordjevic, Marko},
  journal={Integrative Biology},
  volume={5},
  number={5},
  pages={796--806},
  year={2013},
  publisher={Royal Society of Chemistry}
}
@book{stormo2013introduction,
  title={Introduction to protein-DNA interactions: structure, thermodynamics, and bioinformatics},
    author={Stormo, Gary D},
      year={2013},
  PUBLISHER = {Cold Spring Harbor Laboratory Press}
}
@book{bergbiochemistry,
  TITLE = {Biochemistry},
  AUTHOR = {Berg, Jeremy M and Tymoczko, John L and Stryer, Lubert},
  YEAR = {2002}, 
  PUBLISHER = {WH Freeman},
  Edition=5
}
@article{chen2015genome,
  title={Genome-wide study of m{RNA} degradation and transcript elongation in \textit{Escherichia coli}},
  author={Chen, Huiyi and Shiroguchi, Katsuyuki and Ge, Hao and Xie, Xiaoliang Sunney},
  journal={Molecular Systems Biology},
  volume={11},
  number={1},
  pages={781},
  year={2015},
  publisher={EMBO Press}
}
@article{pedersen1978functional,
  title={Functional m{RNA} half lives in \textit{E. coli}},
  author={Pedersen, Steen and Reeh, Solvejg and Friesen, James D},
  journal={Molecular and General Genetics MGG},
  volume={166},
  number={3},
  pages={329--336},
  year={1978},
  publisher={Springer}
}
@article{selinger2003global,
  title={Global {RNA} half-life analysis in \textit{Escherichia coli} reveals positional patterns of transcript degradation},
  author={Selinger, Douglas W and Saxena, Rini Mukherjee and Cheung, Kevin J and Church, George M and Rosenow, Carsten},
  journal={Genome Research},
  volume={13},
  number={2},
  pages={216--223},
  year={2003},
  publisher={Cold Spring Harbor Lab}
}
@article{seo2013predictive,
  title={Predictive design of m{RNA} translation initiation region to control prokaryotic translation efficiency},
  author={Seo, Sang Woo and Yang, Jae-Seong and Kim, Inhae and Yang, Jina and Min, Byung Eun and Kim, Sanguk and Jung, Gyoo Yeol},
  journal={Metabolic Engineering},
  volume={15},
  pages={67--74},
  year={2013},
  publisher={Elsevier}
}

@article{de2017tracking,
  title={Tracking low-copy transcription factors in living bacteria: the case of the lac repressor},
  author={de Leon, Federico Garza and Sellars, Laura and Stracy, Mathew and Busby, Stephen JW and Kapanidis, Achillefs N},
  journal={Biophysical Journal},
  volume={112},
  number={7},
  pages={1316--1327},
  year={2017},
  publisher={Elsevier}
}
@article{sager2012integer,
  title={The integer approximation error in mixed-integer optimal control},
  author={Sager, Sebastian and Bock, Hans Georg and Diehl, Moritz},
  journal={Mathematical Programming},
  volume={133},
  number={1-2},
  pages={1--23},
  year={2012},
  publisher={Springer}
}
@article{sager2013sampling,
  title={Sampling decisions in optimum experimental design in the light of Pontryagin's maximum principle},
  author={Sager, Sebastian},
  journal={SIAM Journal on Control and Optimization},
  volume={51},
  number={4},
  pages={3181--3207},
  year={2013},
  publisher={SIAM}
}
@article{braniff2018optimal,
  title={Optimal experimental design for characterizing gene expression: sample scheduling},
  author={Braniff, N and Reed, M and Ingalls, B},
  journal={IFAC-PapersOnLine},
  volume={51},
  number={19},
  pages={48--51},
  year={2018},
  publisher={Elsevier}
}
@article{kutalik2004optimal,
  title={Optimal sampling time selection for parameter estimation in dynamic pathway modeling},
  author={Kutalik, Zoltan and Cho, Kwang-Hyun and Wolkenhauer, Olaf},
  journal={Biosystems},
  volume={75},
  number={1-3},
  pages={43--55},
  year={2004},
  publisher={Elsevier}
}
@article{kushner2007messenger,
  title={Messenger {RNA} Decay.},
  author={Kushner, SR},
  journal={EcoSal Plus},
  volume={2},
  number={2},
  year={2007}
}
@article{ow2002rnase,
  title={RNase E levels in \textit{Escherichia coli} are controlled by a complex regulatory system that involves transcription of the rne gene from three promoters},
  author={Ow, Maria C and Liu, Qi and Mohanty, Bijoy K and Andrew, Margaret E and Maples, Valerie F and Kushner, Sidney R},
  journal={Molecular Microbiology},
  volume={43},
  number={1},
  pages={159--171},
  year={2002},
  publisher={Wiley Online Library}
}
@article{jain2002consequences,
  title={Consequences of {RN}ase {E} scarcity in \textit{Escherichia coli}},
  author={Jain, Chaitanya and Deana, Atilio and Belasco, Joel G},
  journal={Molecular Microbiology},
  volume={43},
  number={4},
  pages={1053--1064},
  year={2002},
  publisher={Wiley Online Library}
}

@article{mudd1993escherichia,
  title={\textit{Escherichia coli} endoribonuclease RNase E: autoregulation of expression and site-specific cleavage of m{RNA}},
  author={Mudd, Elisabeth A and Higgins, Christopher F},
  journal={Molecular Microbiology},
  volume={9},
  number={3},
  pages={557--568},
  year={1993},
  publisher={Wiley Online Library}
}
@article{jain1995rnase,
  title={{RN}ase {E} autoregulates its synthesis by controlling the degradation rate of its own m{RNA} in \textit{Escherichia coli}: unusual sensitivity of the rne transcript to {RN}ase {E} activity.},
  author={Jain, Chaitanya and Belasco, Joel G},
  journal={Genes \& Development},
  volume={9},
  number={1},
  pages={84--96},
  year={1995},
  publisher={Cold Spring Harbor Lab}
}
@article{wilks1932certain,
  title={Certain generalizations in the analysis of variance},
  author={Wilks, Samuel S},
  journal={Biometrika},
  pages={471--494},
  year={1932},
  publisher={JSTOR}
}

@article{vallisneri2008use,
  title={Use and abuse of the Fisher information matrix in the assessment of gravitational-wave parameter-estimation prospects},
  author={Vallisneri, Michele},
  journal={Physical Review D},
  volume={77},
  number={4},
  pages={042001},
  year={2008},
  publisher={APS}
}

@article{kiefer1974general,
  title={General equivalence theory for optimum designs (approximate theory)},
  author={Kiefer, Jack},
  journal={The Annals of Statistics},
  pages={849--879},
  year={1974},
  publisher={JSTOR}
}
@article{kiefer1960equivalence,
  title={The equivalence of two extremum problems},
  author={Kiefer, Jack and Wolfowitz, Jacob},
  journal={Canadian Journal of Mathematics},
  volume={12},
  number={363-366},
  pages={234},
  year={1960}
}
@article{bandiera2018line,
  title={On-Line Optimal Input Design Increases the Efficiency and Accuracy of the Modelling of an Inducible Synthetic Promoter},
  author={Bandiera, Lucia and Hou, Zhaozheng and Kothamachu, Varun and Balsa-Canto, Eva and Swain, Peter and Menolascina, Filippo},
  journal={Processes},
  volume={6},
  number={9},
  pages={148},
  year={2018},
  publisher={Multidisciplinary Digital Publishing Institute}
}

@article{brockman2015dynamic,
  title={Dynamic metabolic engineering: new strategies for developing responsive cell factories},
  author={Brockman, Irene M and Prather, Kristala LJ},
  journal={Biotechnology Journal},
  volume={10},
  number={9},
  pages={1360--1369},
  year={2015},
  publisher={Wiley Online Library}
}
@article{holtz2010engineering,
  title={Engineering static and dynamic control of synthetic pathways},
  author={Holtz, William J and Keasling, Jay D},
  journal={Cell},
  volume={140},
  number={1},
  pages={19--23},
  year={2010},
  publisher={Elsevier}
}

@article{doong2018layered,
  title={Layered dynamic regulation for improving metabolic pathway productivity in \textit{Escherichia coli}},
  author={Doong, Stephanie J and Gupta, Apoorv and Prather, Kristala LJ},
  journal={Proceedings of the National Academy of Sciences},
  pages={2964-2969},
  year={2018},
  publisher={National Acad Sciences}
}

@article{nordholt2017effects,
  title={Effects of growth rate and promoter activity on single-cell protein expression},
  author={Nordholt, Niclas and Heerden, Johan and Kort, Remco and Bruggeman, Frank J},
  journal={Scientific reports},
  volume={7},
  number={1},
  pages={6299},
  year={2017},
  publisher={Nature Publishing Group}
}
%%%%%%%%%%%%%%%%%%%%%%%%%%%%%%%%%%%%%%%%%%%%%%%%%%%%%%%%
%PACKAGE
%%%%%%%%%%%%%%%%%%%%%%%%%%%%%%%%%%%%%%%%%%%%%%%%%%%%%%%%
@article{kreutz2013profile,
  title={Profile likelihood in systems biology},
  author={Kreutz, Clemens and Raue, Andreas and Kaschek, Daniel and Timmer, Jens},
  journal={The FEBS journal},
  volume={280},
  number={11},
  pages={2564--2571},
  year={2013},
  publisher={Wiley Online Library}
}


@article{schellenberger2011quantitative,
  title={Quantitative prediction of cellular metabolism with constraint-based models: the COBRA Toolbox v2. 0},
  author={Schellenberger, Jan and Que, Richard and Fleming, Ronan MT and Thiele, Ines and Orth, Jeffrey D and Feist, Adam M and Zielinski, Daniel C and Bordbar, Aarash and Lewis, Nathan E and Rahmanian, Sorena and others},
  journal={Nature protocols},
  volume={6},
  number={9},
  pages={1290},
  year={2011},
  publisher={Nature Publishing Group}
}


@article{hucka2019systems,
  title={The systems biology markup language (SBML): language specification for level 3 version 2 core release 2},
  author={Hucka, Michael and Bergmann, Frank T and Chaouiya, Claudine and Dr{\"a}ger, Andreas and Hoops, Stefan and Keating, Sarah M and K{\"o}nig, Matthias and Le Nov{\`e}re, Nicolas and Myers, Chris J and Olivier, Brett G and others},
  journal={Journal of integrative bioinformatics},
  volume={16},
  number={2},
  year={2019},
  publisher={De Gruyter}
}

@article{braniff2019optimal,
  title={Optimal Experimental Design for a Bistable Gene Regulatory Network},
  author={Braniff, Nathan and Richards, Addison and Ingalls, Brian},
  journal={IFAC-PapersOnLine},
  volume={52},
  number={26},
  pages={255--261},
  year={2019},
  publisher={Elsevier}
}
@article{braniff2019component,
  title={Component characterization in a growth-dependent physiological context: optimal experimental design},
  author={Braniff, Nathan and Scott, Matthew and Ingalls, Brian},
  journal={Processes},
  volume={7},
  number={1},
  pages={52},
  year={2019},
  publisher={Multidisciplinary Digital Publishing Institute}
}

@article{atkinson1996usefulness,
  title={The usefulness of optimum experimental designs},
  author={Atkinson, Anthony C},
  journal={Journal of the Royal Statistical Society: Series B (Methodological)},
  volume={58},
  number={1},
  pages={59--76},
  year={1996},
  publisher={Wiley Online Library}
}
@article{nyberg2015methods,
  title={Methods and software tools for design evaluation in population pharmacokinetics--pharmacodynamics studies},
  author={Nyberg, Joakim and Bazzoli, Caroline and Ogungbenro, Kay and Aliev, Alexander and Leonov, Sergei and Duffull, Stephen and Hooker, Andrew C and Mentr{\'e}, France},
  journal={British journal of clinical pharmacology},
  volume={79},
  number={1},
  pages={6--17},
  year={2015},
  publisher={Wiley Online Library}
}

@book{atkinson2007optimum,
  title={Optimum experimental designs, with SAS},
  author={Atkinson, Anthony and Donev, Alexander and Tobias, Randall and others},
  volume={34},
  year={2007},
  publisher={Oxford University Press}
}

@online{RDOETaskView,
  author = {Groemping, Ulrike},
  title = {{CRAN} Task View: Design of Experiments ({D}o{E}) \& Analysis of Experimental Data},
  year = 2020,
  url = {https://cran.r-project.org/web/views/ExperimentalDesign.html},
  urldate = {2020-10-06}
}

@article{nyberg2012poped,
  title={Pop{ED}: an extended, parallelized, nonlinear mixed effects models optimal design tool},
  author={Nyberg, Joakim and Ueckert, Sebastian and Str{\"o}mberg, Eric A and Hennig, Stefanie and Karlsson, Mats O and Hooker, Andrew C},
  journal={Computer methods and programs in biomedicine},
  volume={108},
  number={2},
  pages={789--805},
  year={2012},
  publisher={Elsevier}
}

@article{bazzoli2010design,
  title={Design evaluation and optimisation in multiple response nonlinear mixed effect models: {PFIM} 3.0},
  author={Bazzoli, Caroline and Retout, Sylvie and Mentr{\'e}, France},
  journal={Computer methods and programs in biomedicine},
  volume={98},
  number={1},
  pages={55--65},
  year={2010},
  publisher={Elsevier}
}

@techreport{clyde1993object,
  title={An object-oriented system for Bayesian nonlinear design using xlisp-stat},
  author={Clyde, Merlise A},
  year={1993},
  institution={University of Minnesota}
}

@article{overstall2017bayesian,
  title={Bayesian design of experiments using approximate coordinate exchange},
  author={Overstall, Antony M and Woods, David C},
  journal={Technometrics},
  volume={59},
  number={4},
  pages={458--470},
  year={2017},
  publisher={Taylor \& Francis}
}


@article{overstall2020bayesian,
  title={Bayesian optimal design for ordinary differential equation models with application in biological science},
  author={Overstall, Antony M and Woods, David C and Parker, Ben M},
  journal={Journal of the American Statistical Association},
  pages={1--16},
  year={2020},
  publisher={Taylor \& Francis}
}

@article{kaern2005stochasticity,
  title={Stochasticity in gene expression: from theories to phenotypes},
  author={Kaern, Mads and Elston, Timothy C and Blake, William J and Collins, James J},
  journal={Nature Reviews Genetics},
  volume={6},
  number={6},
  pages={451--464},
  year={2005},
  publisher={Nature Publishing Group}
}


@article{laurent1999multistability,
  title={Multistability: a major means of differentiation and evolution in biological systems},
  author={Laurent, Michel and Kellershohn, Nicolas},
  journal={Trends in biochemical sciences},
  volume={24},
  number={11},
  pages={418--422},
  year={1999},
  publisher={Elsevier}
}

@article{de2006avoiding,
  title={Avoiding the finite difference sensitivity analysis deathtrap by using the complex-step derivative approximation technique},
  journal={ International Congress on Environmental Modelling and Software.},
  volume={24},
  author={De Pauw, Dirk JW and Vanrolleghem, Peter A},
  year={2006}
}

@book{fedorov2013optimal,
  title={Optimal design for nonlinear response models},
  author={Fedorov, Valerii V and Leonov, Sergei L},
  year={2013},
  publisher={CRC Press}
}

@book{bates1988nonlinear,
  title={Nonlinear regression analysis and its applications},
  author={Bates, Douglas M and Watts, Donald G},
  volume={2},
  year={1988},
  publisher={Wiley New York}
}


@article{seber2003nonlinear,
  title={Nonlinear Regression. Hoboken},
  author={Seber, George AF and Wild, Christopher John},
  journal={New Jersey: John Wiley \& Sons},
  volume={62},
  pages={63},
  year={2003}
}


@article{schenkendorf2009optimal,
  title={Optimal experimental design with the sigma point method},
  author={Schenkendorf, R and Kremling, A and Mangold, M},
  journal={IET systems biology},
  volume={3},
  number={1},
  pages={10--23},
  year={2009},
  publisher={IET}
}

@article{imhof2001efficiencies,
  title={Efficiencies of rounded optimal approximate designs for small samples},
  author={Imhof, Lorens and Lopez-Fidalgo, Jes{\'u}s and Wong, Wing-Keung},
  journal={Statistica Neerlandica},
  volume={55},
  number={3},
  pages={301--318},
  year={2001},
  publisher={Wiley Online Library}
} 

@article{pukelsheim1992efficient,
  title={Efficient rounding of approximate designs},
  author={Pukelsheim, Friedrich and Rieder, Sabine},
  journal={Biometrika},
  volume={79},
  number={4},
  pages={763--770},
  year={1992},
  publisher={Oxford University Press}
}

@inproceedings{wilhelm1996obtain,
  title={How to obtain efficient exact designs from optimal approximate designs},
  author={Wilhelm, Adalbert},
  booktitle={COMPSTAT},
  pages={495--500},
  year={1996},
  organization={Springer}
}

@book{cohen2013statistical,
  title={Statistical power analysis for the behavioral sciences},
  author={Cohen, Jacob},
  year={2013},
  publisher={Academic press}
}


%%%%%%%%%%%%%%%%%%%%%%%%%%%%%%%%%%%%%%%%%%%%%%%%%%%%%%%%%%%%%%%%%%%%%%%%%%%%%%%%%%%%%
%Apppendix
%%%%%%%%%%%%%%%%%%%%%%%%%%%%%%%%%%%%%%%%%%%%%%%%%%%%%%%%%%%%%%%%%%%%%%%%%%%%%%%%%%%%%



@article{hodgman2012cell,
  title={Cell-free synthetic biology: thinking outside the cell},
  author={Hodgman, C Eric and Jewett, Michael C},
  journal={Metabolic engineering},
  volume={14},
  number={3},
  pages={261--269},
  year={2012},
  publisher={Elsevier}
}



@article{clancy2010programming,
  title={Programming cells: towards an automated ‘Genetic Compiler’},
  author={Clancy, Kevin and Voigt, Christopher A},
  journal={Current Opinion in Biotechnology},
  volume={21},
  number={4},
  pages={572--581},
  year={2010},
  publisher={Elsevier}
}

@article{lux2012genetic,
  title={Genetic design automation: engineering fantasy or scientific renewal?},
  author={Lux, Matthew W and Bramlett, Brian W and Ball, David A and Peccoud, Jean},
  journal={Trends in biotechnology},
  volume={30},
  number={2},
  pages={120--126},
  year={2012},
  publisher={Elsevier}
}

@article{densmore2012design,
  title={Design automation for synthetic biological systems},
  author={Densmore, Douglas and Hassoun, Soha},
  journal={IEEE Design \& Test of Computers},
  volume={29},
  number={3},
  pages={7--20},
  year={2012},
  publisher={IEEE}
}

@article{appleton2017design,
  title={Design automation in synthetic biology},
  author={Appleton, Evan and Madsen, Curtis and Roehner, Nicholas and Densmore, Douglas},
  journal={Cold Spring Harbor perspectives in biology},
  pages={a023978},
  year={2017},
  publisher={Cold Spring Harbor Lab}
}


@article{marchisio2011automatic,
  title={Automatic design of digital synthetic gene circuits},
  author={Marchisio, Mario A and Stelling, J{\"o}rg},
  journal={PLoS Computational Biology},
  volume={7},
  number={2},
  pages={e1001083},
  year={2011},
  publisher={Public Library of Science}
}

@article{bilitchenko2011eugene,
  title={Eugene--a domain specific language for specifying and constraining synthetic biological parts, devices, and systems},
  author={Bilitchenko, Lesia and Liu, Adam and Cheung, Sherine and Weeding, Emma and Xia, Bing and Leguia, Mariana and Anderson, J Christopher and Densmore, Douglas},
  journal={PloS one},
  volume={6},
  number={4},
  pages={e18882},
  year={2011},
  publisher={Public Library of Science}
}
@article{chandran2009tinkercell,
  title={TinkerCell: modular {CAD} tool for synthetic biology},
  author={Chandran, Deepak and Bergmann, Frank T and Sauro, Herbert M},
  journal={Journal of biological engineering},
  volume={3},
  number={1},
  pages={19},
  year={2009},
  publisher={BioMed Central}
}
@article{myers2009ibiosim,
  title={iBioSim: a tool for the analysis and design of genetic circuits.},
  author={Myers, Chris J and Barker, Nathan A and Jones, Kevin R and Kuwahara, Hiroyuki and Madsen, Curtis and Nguyen, Nam-Phuong D},
  journal={Bioinformatics},
  volume={25},
  number={21},
  pages={2848--2849},
  year={2009}
}
@article{pedersen2009towards,
  title={Towards programming languages for genetic engineering of living cells},
  author={Pedersen, Michael and Phillips, Andrew},
  journal={Journal of the Royal Society Interface},
  pages={rsif--2008},
  year={2009},
  publisher={The Royal Society}
}
@article{marchisio2008computational,
  title={Computational design of synthetic gene circuits with composable parts},
  author={Marchisio, Mario A and Stelling, J{\"o}rg},
  journal={Bioinformatics},
  volume={24},
  number={17},
  pages={1903--1910},
  year={2008},
  publisher={Oxford University Press}
}

@article{rodrigo2008desharky,
  title={{DESHARKY}: automatic design of metabolic pathways for optimal cell growth},
  author={Rodrigo, Guillermo and Carrera, Javier and Prather, Kristala Jones and Jaramillo, Alfonso},
  journal={Bioinformatics},
  volume={24},
  number={21},
  pages={2554--2556},
  year={2008},
  publisher={Oxford University Press}
}
@article{rialle2010bionetcad,
  title={Bio{N}et{CAD}: design, simulation and experimental validation of synthetic biochemical networks},
  author={Rialle, St{\'e}phanie and Felicori, Liza and Dias-Lopes, Camila and P{\'e}r{\`e}s, Sabine and El Atia, Sana{\^a} and Thierry, Alain R and Amar, Patrick and Molina, Franck},
  journal={Bioinformatics},
  volume={26},
  number={18},
  pages={2298--2304},
  year={2010},
  publisher={Oxford University Press}
}
@article{dasika2008optcircuit,
  title={OptCircuit: an optimization based method for computational design of genetic circuits},
  author={Dasika, Madhukar S and Maranas, Costas D},
  journal={BMC systems biology},
  volume={2},
  number={1},
  pages={24},
  year={2008},
  publisher={BioMed Central}
}
@article{huynh2014optimal,
  title={Optimal part and module selection for synthetic gene circuit design automation},
  author={Huynh, Linh and Tagkopoulos, Ilias},
  journal={ACS synthetic biology},
  volume={3},
  number={8},
  pages={556--564},
  year={2014},
  publisher={ACS Publications}
}

@article{huynh2013sbrome,
  title={SBROME: a scalable optimization and module matching framework for automated biosystems design},
  author={Huynh, Linh and Tsoukalas, Athanasios and K{\"o}ppe, Matthias and Tagkopoulos, Ilias},
  journal={ACS synthetic biology},
  volume={2},
  number={5},
  pages={263--273},
  year={2013},
  publisher={ACS Publications}
}
@article{huynh2012automatic,
  title={Automatic design of synthetic gene circuits through mixed integer non-linear programming},
  author={Huynh, Linh and Kececioglu, John and K{\"o}ppe, Matthias and Tagkopoulos, Ilias},
  journal={PloS one},
  volume={7},
  number={4},
  pages={e35529},
  year={2012},
  publisher={Public Library of Science}
}







@article{lou2012ribozyme,
  title={Ribozyme-based insulator parts buffer synthetic circuits from genetic context},
  author={Lou, Chunbo and Stanton, Brynne and Chen, Ying-Ja and Munsky, Brian and Voigt, Christopher A},
  journal={Nature biotechnology},
  volume={30},
  number={11},
  pages={1137},
  year={2012},
  publisher={Nature Publishing Group}
}

@article{chen2013characterization,
  title={Characterization of 582 natural and synthetic terminators and quantification of their design constraints},
  author={Chen, Ying-Ja and Liu, Peng and Nielsen, Alec AK and Brophy, Jennifer AN and Clancy, Kevin and Peterson, Todd and Voigt, Christopher A},
  journal={Nature methods},
  volume={10},
  number={7},
  pages={659},
  year={2013},
  publisher={Nature Publishing Group}
}


@article{stanton2014genomic,
  title={Genomic mining of prokaryotic repressors for orthogonal logic gates},
  author={Stanton, Brynne C and Nielsen, Alec AK and Tamsir, Alvin and Clancy, Kevin and Peterson, Todd and Voigt, Christopher A},
  journal={Nature chemical biology},
  volume={10},
  number={2},
  pages={99},
  year={2014},
  publisher={Nature Publishing Group}
}



@article{lee2016creating,
  title={Creating single-copy genetic circuits},
  author={Lee, Jeong Wook and Gyorgy, Andras and Cameron, D Ewen and Pyenson, Nora and Choi, Kyeong Rok and Way, Jeffrey C and Silver, Pamela A and Del Vecchio, Domitilla and Collins, James J},
  journal={Molecular cell},
  volume={63},
  number={2},
  pages={329--336},
  year={2016},
  publisher={Elsevier}
}



@article{krishnanathan2012data,
  title={A data-driven framework for identifying nonlinear dynamic models of genetic parts},
  author={Krishnanathan, Kirubhakaran and Anderson, Sean R and Billings, Stephen A and Kadirkamanathan, Visakan},
  journal={ACS synthetic biology},
  volume={1},
  number={8},
  pages={375--384},
  year={2012},
  publisher={ACS Publications}
}

@article{yordanov2014computational,
  title={A computational method for automated characterization of genetic components},
  author={Yordanov, Boyan and Dalchau, Neil and Grant, Paul K and Pedersen, Michael and Emmott, Stephen and Haseloff, Jim and Phillips, Andrew},
  journal={ACS synthetic biology},
  volume={3},
  number={8},
  pages={578--588},
  year={2014},
  publisher={ACS Publications}
}

@article{mutalik2013quantitative,
  title={Quantitative estimation of activity and quality for collections of functional genetic elements},
  author={Mutalik, Vivek K and Guimaraes, Joao C and Cambray, Guillaume and Mai, Quynh-Anh and Christoffersen, Marc Juul and Martin, Lance and Yu, Ayumi and Lam, Colin and Rodriguez, Cesar and Bennett, Gaymon and others},
  journal={Nature methods},
  volume={10},
  number={4},
  pages={347},
  year={2013},
  publisher={Nature Publishing Group}
}

@article{beal2015signal,
  title={Signal-to-noise ratio measures efficacy of biological computing devices and circuits},
  author={Beal, Jacob},
  journal={Frontiers in bioengineering and biotechnology},
  volume={3},
  pages={93},
  year={2015},
  publisher={Frontiers}
}

@article{beal2018time,
  title={Time to Get Serious about Measurement in Synthetic Biology},
  author={Beal, Jacob and Haddock-Angelli, Traci and Farny, Natalie and Rettberg, Randy},
  journal={Trends in biotechnology},
  year={2018},
  publisher={Elsevier}
}




@article{moon2012genetic,
  title={Genetic programs constructed from layered logic gates in single cells},
  author={Moon, Tae Seok and Lou, Chunbo and Tamsir, Alvin and Stanton, Brynne C and Voigt, Christopher A},
  journal={Nature},
  volume={491},
  number={7423},
  pages={249},
  year={2012},
  publisher={Nature Publishing Group}
}

@article{wang2011engineering,
  title={Engineering modular and orthogonal genetic logic gates for robust digital-like synthetic biology},
  author={Wang, Baojun and Kitney, Richard I and Joly, Nicolas and Buck, Martin},
  journal={Nature communications},
  volume={2},
  pages={508},
  year={2011},
  publisher={Nature Publishing Group}
}

@article{cox2007programming,
  title={Programming gene expression with combinatorial promoters},
  author={Cox, Robert Sidney and Surette, Michael G and Elowitz, Michael B},
  journal={Molecular systems biology},
  volume={3},
  number={1},
  pages={145},
  year={2007},
  publisher={EMBO Press}
}

@article{tamsir2011robust,
  title={Robust multicellular computing using genetically encoded NOR gates and chemical ‘wires’},
  author={Tamsir, Alvin and Tabor, Jeffrey J and Voigt, Christopher A},
  journal={Nature},
  volume={469},
  number={7329},
  pages={212},
  year={2011},
  publisher={Nature Publishing Group}
}

@article{mutalik2012rationally,
  title={Rationally designed families of orthogonal {RNA} regulators of translation},
  author={Mutalik, Vivek K and Qi, Lei and Guimaraes, Joao C and Lucks, Julius B and Arkin, Adam P},
  journal={Nature chemical biology},
  volume={8},
  number={5},
  pages={447},
  year={2012},
  publisher={Nature Publishing Group}
}


@article{del2008modular,
  title={Modular cell biology: retroactivity and insulation},
  author={Del Vecchio, Domitilla and Ninfa, Alexander J and Sontag, Eduardo D},
  journal={Molecular systems biology},
  volume={4},
  number={1},
  pages={161},
  year={2008},
  publisher={EMBO Press}
}


@article{mcnerney2015precision,
  title={Precision metabolic engineering: the design of responsive, selective, and controllable metabolic systems},
  author={McNerney, Monica P and Watstein, Daniel M and Styczynski, Mark P},
  journal={Metabolic engineering},
  volume={31},
  pages={123--131},
  year={2015},
  publisher={Elsevier}
}

@article{holtz2010engineering,
  title={Engineering static and dynamic control of synthetic pathways},
  author={Holtz, William J and Keasling, Jay D},
  journal={Cell},
  volume={140},
  number={1},
  pages={19--23},
  year={2010},
  publisher={Elsevier}
}

@article{anesiadis2008dynamic,
  title={Dynamic metabolic engineering for increasing bioprocess productivity},
  author={Anesiadis, Nikolaos and Cluett, William R and Mahadevan, Radhakrishnan},
  journal={Metabolic engineering},
  volume={10},
  number={5},
  pages={255--266},
  year={2008},
  publisher={Elsevier}
}

@article{brockman2015dynamic,
  title={Dynamic metabolic engineering: new strategies for developing responsive cell factories},
  author={Brockman, Irene M and Prather, Kristala LJ},
  journal={Biotechnology journal},
  volume={10},
  number={9},
  pages={1360--1369},
  year={2015},
  publisher={Wiley Online Library}
}


@article{anesiadis2013analysis,
  title={Analysis and design of a genetic circuit for dynamic metabolic engineering},
  author={Anesiadis, Nikolaos and Kobayashi, Hideki and Cluett, William R and Mahadevan, Radhakrishnan},
  journal={ACS synthetic biology},
  volume={2},
  number={8},
  pages={442--452},
  year={2013},
  publisher={ACS Publications}
}


@article{cardinale2013effects,
  title={Effects of genetic variation on the \textit{E. coli} host-circuit interface},
  author={Cardinale, Stefano and Joachimiak, Marcin Pawel and Arkin, Adam Paul},
  journal={Cell reports},
  volume={4},
  number={2},
  pages={231--237},
  year={2013},
  publisher={Elsevier}
}

@article{moser2012genetic,
  title={Genetic circuit performance under conditions relevant for industrial bioreactors},
  author={Moser, Felix and Broers, Nicolette J and Hartmans, Sybe and Tamsir, Alvin and Kerkman, Richard and Roubos, Johannes A and Bovenberg, Roel and Voigt, Christopher A},
  journal={ACS synthetic biology},
  volume={1},
  number={11},
  pages={555--564},
  year={2012},
  publisher={ACS Publications}
}

@article{klumpp2014bacterial,
  title={Bacterial growth: global effects on gene expression, growth feedback and proteome partition},
  author={Klumpp, Stefan and Hwa, Terence},
  journal={Current opinion in biotechnology},
  volume={28},
  pages={96--102},
  year={2014},
  publisher={Elsevier}
}

@article{borkowski2016overloaded,
  title={Overloaded and stressed: whole-cell considerations for bacterial synthetic biology},
  author={Borkowski, Olivier and Ceroni, Francesca and Stan, Guy-Bart and Ellis, Tom},
  journal={Current opinion in microbiology},
  volume={33},
  pages={123--130},
  year={2016},
  publisher={Elsevier}
}

@article{tan2009emergent,
  title={Emergent bistability by a growth-modulating positive feedback circuit},
  author={Tan, Cheemeng and Marguet, Philippe and You, Lingchong},
  journal={Nature chemical biology},
  volume={5},
  number={11},
  pages={842},
  year={2009},
  publisher={Nature Publishing Group}
}

@article{solomon2012dynamic,
  title={A dynamic metabolite valve for the control of central carbon metabolism},
  author={Solomon, Kevin V and Sanders, Tarielle M and Prather, Kristala LJ},
  journal={Metabolic engineering},
  volume={14},
  number={6},
  pages={661--671},
  year={2012},
  publisher={Elsevier}
}

@article{gyorgy2015isocost,
  title={Isocost lines describe the cellular economy of genetic circuits},
  author={Gyorgy, Andras and Jim{\'e}nez, Jos{\'e} I and Yazbek, John and Huang, Hsin-Ho and Chung, Hattie and Weiss, Ron and Del Vecchio, Domitilla},
  journal={Biophysical journal},
  volume={109},
  number={3},
  pages={639--646},
  year={2015},
  publisher={Elsevier}
}

@article{qian2017resource,
  title={Resource competition shapes the response of genetic circuits},
  author={Qian, Yili and Huang, Hsin-Ho and Jim{\'e}nez, Jos{\'e} I and Del Vecchio, Domitilla},
  journal={ACS synthetic biology},
  volume={6},
  number={7},
  pages={1263--1272},
  year={2017},
  publisher={ACS Publications}
}


@article{schaechter1958dependency,
  title={Dependency on medium and temperature of cell size and chemical composition during balanced growth of Salmonella typhimurium},
  author={Schaechter, Moselio and Maal{\o}e, Ole and Kjeldgaard, Niels O},
  journal={Microbiology},
  volume={19},
  number={3},
  pages={592--606},
  year={1958},
  publisher={Microbiology Society}
}


@article{kjeldgaard1958transition,
  title={The transition between different physiological states during balanced growth of Salmonella typhimurium},
  author={Kjeldgaard, NO and Maal{\o}e, O and Schaechter, Moselio},
  journal={Microbiology},
  volume={19},
  number={3},
  pages={607--616},
  year={1958},
  publisher={Microbiology Society}
}

@article{donachie1968relationship,
  title={Relationship between cell size and time of initiation of {DNA}  replication},
  author={Donachie, William D},
  journal={Nature},
  volume={219},
  number={5158},
  pages={1077},
  year={1968},
  publisher={Nature Publishing Group}
}


@article{neidhardt1960studies,
  title={Studies on the role of ribonucleic acid in the growth of bacteria},
  author={Neidhardt, Frederick C and Magasanik, Boris},
  journal={Biochimica et biophysica acta},
  volume={42},
  pages={99--116},
  year={1960},
  publisher={Elsevier}
}

@article{liang1999decay,
  title={Decay of rplN and lacZ m{RNA} in \textit{Escherichia coli}},
  author={Liang, S-T and Ehrenberg, M and Dennis, P and Bremer, H},
  journal={Journal of molecular biology},
  volume={288},
  number={4},
  pages={521--538},
  year={1999},
  publisher={Elsevier}
}


@article{mahadevan2002dynamic,
  title={Dynamic flux balance analysis of diauxic growth in \textit{Escherichia coli}},
  author={Mahadevan, Radhakrishnan and Edwards, Jeremy S and Doyle III, Francis J},
  journal={Biophysical journal},
  volume={83},
  number={3},
  pages={1331--1340},
  year={2002},
  publisher={Elsevier}
}

@article{klamt2018two,
  title={When Do Two-Stage Processes Outperform One-Stage Processes?},
  author={Klamt, Steffen and Mahadevan, Radhakrishnan and H{\"a}dicke, Oliver},
  journal={Biotechnology journal},
  volume={13},
  number={2},
  pages={1700539},
  year={2018},
  publisher={Wiley Online Library}
}



@article{soma2014metabolic,
  title={Metabolic flux redirection from a central metabolic pathway toward a synthetic pathway using a metabolic toggle switch},
  author={Soma, Yuki and Tsuruno, Keigo and Wada, Masaru and Yokota, Atsushi and Hanai, Taizo},
  journal={Metabolic engineering},
  volume={23},
  pages={175--184},
  year={2014},
  publisher={Elsevier}
}


@article{tsuruno2015enhancement,
  title={Enhancement of 3-hydroxypropionic acid production from glycerol by using a metabolic toggle switch},
  author={Tsuruno, Keigo and Honjo, Hiroshi and Hanai, Taizo},
  journal={Microbial cell factories},
  volume={14},
  number={1},
  pages={155},
  year={2015},
  publisher={BioMed Central}
}

@article{soma2017synthetic,
  title={Synthetic metabolic bypass for a metabolic toggle switch enhances acetyl-CoA supply for isopropanol production by \textit{Escherichia coli}},
  author={Soma, Yuki and Yamaji, Taiki and Matsuda, Fumio and Hanai, Taizo},
  journal={Journal of bioscience and bioengineering},
  volume={123},
  number={5},
  pages={625--633},
  year={2017},
  publisher={Elsevier}
}

@article{brockman2015dynamic,
  title={Dynamic knockdown of \textit{E. coli} central metabolism for redirecting fluxes of primary metabolites},
  author={Brockman, Irene M and Prather, Kristala LJ},
  journal={Metabolic engineering},
  volume={28},
  pages={104--113},
  year={2015},
  publisher={Elsevier}
}



@article{michelsen2003precise,
  title={Precise determinations of C and D periods by flow cytometry in \textit{ Escherichia coli} {K}-12 and {B}/r},
  author={Michelsen, Ole and De Mattos, M Joost Teixeira and Jensen, Peter Ruhdal and Hansen, Flemming G},
  journal={Microbiology},
  volume={149},
  number={4},
  pages={1001--1010},
  year={2003},
  publisher={Microbiology Society}
}



@article{iwakura1975biosynthesis,
  title={Biosynthesis of {RNA} polymerase in \textit{Escherichia coli}. II. control of {RNA} polymerase synthesis during nutritional shift up and down.},
  author={Iwakura, Y and Ishihama, A},
  journal={Molecular \& general genetics: MGG},
  volume={142},
  number={1},
  pages={67--84},
  year={1975}
}

@article{matzura1973biosynthesis,
  title={Biosynthesis of the $\beta$ and $\beta$′ subunits of {RNA} polymerase in \textit{Escherichia coli}},
  author={Matzura, H and Hansen, BS and Zeuthen, J},
  journal={Journal of molecular biology},
  volume={74},
  number={1},
  pages={9--20},
  year={1973},
  publisher={Elsevier}
}

@article{shepherd1980synthesis,
  title={Synthesis and activity of ribonucleic acid polymerase in \textit{Escherichia coli}.},
  author={Shepherd, NS and Churchward, G and Bremer, H},
  journal={Journal of bacteriology},
  volume={141},
  number={3},
  pages={1098--1108},
  year={1980},
  publisher={Am Soc Microbiol}
}


@article{thomason2014recombineering,
  title={Recombineering: genetic engineering in bacteria using homologous recombination},
  author={Thomason, Lynn C and Sawitzke, James A and Li, Xintian and Costantino, Nina and Court, Donald L},
  journal={Current protocols in molecular biology},
  volume={106},
  number={1},
  pages={1--16},
  year={2014},
  publisher={Wiley Online Library}
}

@article{albersmeyer2010lifted,
  title={The lifted Newton method and its application in optimization},
  author={Albersmeyer, Jan and Diehl, Moritz},
  journal={SIAM Journal on Optimization},
  volume={20},
  number={3},
  pages={1655--1684},
  year={2010},
  publisher={SIAM}
}



@article{pai2009optimal,
  title={Optimal tuning of bacterial sensing potential},
  author={Pai, Anand and You, Lingchong},
  journal={Molecular systems biology},
  volume={5},
  number={1},
  pages={286},
  year={2009},
  publisher={EMBO Press}
}


@article{endesfelder2013multiscale,
  title={Multiscale spatial organization of {RNA} polymerase in \textit{Escherichia coli}},
  author={Endesfelder, Ulrike and Finan, Kieran and Holden, Seamus J and Cook, Peter R and Kapanidis, Achillefs N and Heilemann, Mike},
  journal={Biophysical journal},
  volume={105},
  number={1},
  pages={172--181},
  year={2013},
  publisher={Elsevier}
}


@article{klumpp2013molecular,
  title={Molecular crowding limits translation and cell growth},
  author={Klumpp, Stefan and Scott, Matthew and Pedersen, Steen and Hwa, Terence},
  journal={Proceedings of the National Academy of Sciences},
  pages={201310377},
  year={2013},
  publisher={National Acad Sciences}
}




@article{liang1999activities,
  title={Activities of constitutive promoters in \textit{Escherichia coli}},
  author={Liang, S-T and Bipatnath, M and Xu, Y-C and Chen, S-L and Dennis, P and Ehrenberg, M and Bremer, H},
  journal={Journal of molecular biology},
  volume={292},
  number={1},
  pages={19--37},
  year={1999},
  publisher={Elsevier}
}

@misc{casadiManual,
  author = {MultiMedia LLC},
  title = {Andersseon, Joel and  Gillis, Joris and Diehl, Mortiz},
  year = 2018,
  url = {https://web.casadi.org/docs/},
  urldate = {2018-11-27}
}

@misc{casadiExamples,
  author = {Andersseon, Joel and  Gillis, Joris and Horn, Greg},
  title = {CasADi Examples Package},
  year = 2018,
  url = {https://github.com/casadi/casadi/tree/master/docs/examples},
  urldate = {2018-11-27}
}

@article{hindmarsh2005sundials,
  title={{SUNDIALS}: Suite of nonlinear and differential/algebraic equation solvers},
  author={Hindmarsh, Alan C and Brown, Peter N and Grant, Keith E and Lee, Steven L and Serban, Radu and Shumaker, Dan E and Woodward, Carol S},
  journal={ACM Transactions on Mathematical Software (TOMS)},
  volume={31},
  number={3},
  pages={363--396},
  year={2005},
  publisher={ACM}
}

@article{diedam2018global,
  title={Global optimal control with the direct multiple shooting method},
  author={Diedam, H and Sager, S},
  journal={Optimal Control Applications and Methods},
  volume={39},
  number={2},
  pages={449--470},
  year={2018},
  publisher={Wiley Online Library}
}


@article{kelly2017introduction,
  title={An introduction to trajectory optimization: how to do your own direct collocation},
  author={Kelly, Matthew},
  journal={SIAM Review},
  volume={59},
  number={4},
  pages={849--904},
  year={2017},
  publisher={SIAM}
}

@incollection{bock2013parameter,
  title={Parameter estimation and optimum experimental design for differential equation models},
  author={Bock, Hans Georg and K{\"o}rkel, Stefan and Schl{\"o}der, Johannes P},
  booktitle={Model based parameter estimation},
  pages={1--30},
  year={2013},
  publisher={Springer}
}

@article{bock2007numerical,
  title={Numerical methods for parameter estimation in nonlinear differential algebraic equations},
  author={Bock, Hans Georg and Kostina, Ekaterina and Schl{\"o}der, Johannes P},
  journal={GAMM-Mitteilungen},
  volume={30},
  number={2},
  pages={376--408},
  year={2007},
  publisher={Wiley Online Library}
}

@article{liepe2014framework,
  title={A framework for parameter estimation and model selection from experimental data in systems biology using approximate Bayesian computation},
  author={Liepe, Juliane and Kirk, Paul and Filippi, Sarah and Toni, Tina and Barnes, Chris P and Stumpf, Michael PH},
  journal={Nature protocols},
  volume={9},
  number={2},
  pages={439},
  year={2014},
  publisher={Nature Publishing Group}
}

@article{gabor2015robust,
  title={Robust and efficient parameter estimation in dynamic models of biological systems},
  author={G{\'a}bor, Attila and Banga, Julio R},
  journal={BMC systems biology},
  volume={9},
  number={1},
  pages={74},
  year={2015},
  publisher={BioMed Central}
}

@article{kudla2009coding,
  title={Coding-sequence determinants of gene expression in \textit{Escherichia coli}},
  author={Kudla, Grzegorz and Murray, Andrew W and Tollervey, David and Plotkin, Joshua B},
  journal={science},
  volume={324},
  number={5924},
  pages={255--258},
  year={2009},
  publisher={American Association for the Advancement of Science}
}
@article{laursen2005initiation,
  title={Initiation of protein synthesis in bacteria},
  author={Laursen, Brian S{\o}gaard and S{\o}rensen, Hans Peter and Mortensen, Kim Kusk and Sperling-Petersen, Hans Uffe},
  journal={Microbiology and molecular biology reviews},
  volume={69},
  number={1},
  pages={101--123},
  year={2005},
  publisher={Am Soc Microbiol}
}

@article{hakkinen2015characterizing,
  title={Characterizing rate limiting steps in transcription from {RNA} production times in live cells},
  author={H{\"a}kkinen, Antti and Ribeiro, Andre S},
  journal={Bioinformatics},
  volume={32},
  number={9},
  pages={1346--1352},
  year={2015},
  publisher={Oxford University Press}
}
@article{kandhavelu2011vivo,
  title={In vivo kinetics of transcription initiation of the lar promoter in \textit{Escherichia coli}. Evidence for a sequential mechanism with two rate-limiting steps},
  author={Kandhavelu, Meenakshisundaram and Mannerstr{\"o}m, Henrik and Gupta, Abhishekh and H{\"a}kkinen, Antti and Lloyd-Price, Jason and Yli-Harja, Olli and Ribeiro, Andre S},
  journal={BMC systems biology},
  volume={5},
  number={1},
  pages={149},
  year={2011},
  publisher={BioMed Central}
}

@article{muthukrishnan2012dynamics,
  title={Dynamics of transcription driven by the tetA promoter, one event at a time, in live \textit{Escherichia coli} cells},
  author={Muthukrishnan, Anantha-Barathi and Kandhavelu, Meenakshisundaram and Lloyd-Price, Jason and Kudasov, Fedor and Chowdhury, Sharif and Yli-Harja, Olli and Ribeiro, Andre S},
  journal={Nucleic acids research},
  volume={40},
  number={17},
  pages={8472--8483},
  year={2012},
  publisher={Oxford University Press}
}






